name,ttm,12/31/2021,09/30/2021,06/30/2021,03/31/2021,12/31/2020,09/30/2020,06/30/2020,03/31/2020,12/31/2019,09/30/2019,06/30/2019,03/31/2019,12/31/2018,09/30/2018,06/30/2018,03/31/2018,12/31/2017,09/30/2017,06/30/2017,03/31/2017,12/31/2016,09/30/2016,06/30/2016,03/31/2016,12/31/2015,09/30/2015,06/30/2015,03/31/2015,12/31/2014,09/30/2014,06/30/2014,03/31/2014,12/31/2013,09/30/2013,06/30/2013,03/31/2013,12/31/2012,09/30/2012,06/30/2012,03/31/2012,12/31/2011,09/30/2011,06/30/2011,03/31/2011,12/31/2010,09/30/2010,06/30/2010,03/31/2010,12/31/2009,09/30/2009,06/30/2009,03/31/2009,12/31/2008,09/30/2008,06/30/2008,03/31/2008,12/31/2007,09/30/2007,06/30/2007,03/31/2007,12/31/2006,09/30/2006,06/30/2006,03/31/2006,12/31/2005,09/30/2005,06/30/2005,03/31/2005,12/31/2004,09/30/2004,06/30/2004,03/31/2004,12/31/2003,09/30/2003,06/30/2003,03/31/2003,12/31/2002,09/30/2002,06/30/2002,03/31/2002,12/31/2001,09/30/2001,06/30/2001,03/31/2001,12/31/2000,09/30/2000,06/30/2000,03/31/2000,12/31/1999,09/30/1999,06/30/1999,03/31/1999
TotalRevenue,"2,308,834,000","595,138,000","589,305,000","575,528,000","548,739,000","535,907,000","522,940,000","507,226,000","517,067,000","513,658,000","507,547,000","500,147,000","493,293,000","483,849,000","467,221,000","456,323,000","458,302,000","443,072,000","433,945,000","427,294,000","423,363,000","416,505,000","411,319,000","405,532,000","399,769,000","406,941,000","410,735,000","410,704,000","410,094,000","404,734,000","393,293,000","383,420,000","345,550,000","335,396,000","332,094,000","324,305,000","313,071,000","293,841,000","238,606,000","229,147,000","192,490,000","183,819,000","175,549,000","171,053,000","167,749,000","165,497,000","158,642,000","154,515,000","147,965,000","144,980,000","139,289,000","136,195,000","135,050,000","134,429,000","118,656,000","111,952,000","109,917,000","108,903,000","103,201,000","100,289,000","95,808,000","96,750,000","98,172,000","87,376,000","68,804,000","72,419,000","66,021,000","63,248,000","58,304,000","65,533,000","58,743,000","56,347,000","57,301,000","57,633,000","52,375,000","50,375,000","58,221,000","64,075,000","67,048,000","69,608,000","63,944,000","69,150,000","63,033,000","57,755,000","52,956,000","53,578,755","45,395,003","38,502,886","30,429,025","29,300,000","24,600,000","19,400,000","13,700,000"
	OperatingRevenue,"2,308,834,000","595,138,000","589,305,000","575,528,000","548,739,000","535,907,000","522,940,000","507,226,000","517,067,000","513,658,000","507,547,000","500,147,000","493,293,000","483,849,000","467,221,000","456,323,000","458,302,000","443,072,000","433,945,000","427,294,000","423,363,000","416,505,000","411,319,000","405,532,000","399,769,000","406,941,000","410,735,000","410,704,000","410,094,000","404,734,000","393,293,000","383,420,000","345,550,000","335,396,000","332,094,000","324,305,000","313,071,000","293,841,000","238,606,000","229,147,000","192,490,000","183,819,000","175,549,000","171,053,000","167,749,000","165,497,000","158,642,000","154,515,000","147,965,000","144,980,000","139,289,000","136,195,000","135,050,000","134,429,000","118,656,000","111,952,000","109,917,000","108,903,000","103,201,000","100,289,000","95,808,000","96,750,000","98,172,000","87,376,000","68,804,000","72,419,000","66,021,000","63,248,000","58,304,000","65,533,000","58,743,000","56,347,000","57,301,000","57,633,000","52,375,000","50,375,000","58,221,000","64,075,000","67,048,000","69,608,000","63,944,000","69,150,000","63,033,000","57,755,000","52,956,000","53,578,755","45,395,003","38,502,886","30,429,025","29,300,000","24,600,000","19,400,000","13,700,000"
CostOfRevenue,"545,484,000","139,802,000","140,023,000","135,759,000","129,774,000","127,991,000","121,519,000","111,502,000","115,514,000","121,258,000","123,509,000","124,448,000","123,815,000","122,302,000","116,741,000","114,414,000","115,337,000","114,529,000","111,468,000","109,344,000","110,970,000","106,267,000","105,468,000","106,567,000","102,595,000","109,439,000","111,733,000","112,112,000","111,110,000","112,004,000","111,876,000","107,438,000","97,167,000","100,538,000","103,295,000","103,725,000","100,695,000","89,426,000","71,683,000","66,205,000","52,193,000","50,263,000","51,847,000","50,107,000","50,704,000","51,811,000","50,601,000","49,958,000","47,072,000","46,844,000","45,288,000","43,872,000","44,538,000","46,561,000","42,008,000","39,361,000","40,235,000","42,985,000","43,652,000","39,250,000","37,466,000","39,993,000","42,154,000","40,176,000","34,263,000","38,974,000","35,005,000","34,679,000","31,294,000","41,557,000","30,701,000","29,847,000","32,865,000","33,103,000","29,815,000","27,504,000","31,654,000","36,706,000","39,216,000","40,273,000","35,920,000","41,075,000","37,109,000","34,324,000","32,146,000","61,022,379","28,834,848","18,755,998","13,360,952","19,700,000","16,900,000","12,800,000","9,000,000"
GrossProfit,"1,763,350,000","455,336,000","449,282,000","439,769,000","418,965,000","407,916,000","401,421,000","395,724,000","401,553,000","392,400,000","384,038,000","375,699,000","369,478,000","361,547,000","350,480,000","341,909,000","342,965,000","328,543,000","322,477,000","317,950,000","312,393,000","310,238,000","305,851,000","298,965,000","297,174,000","297,502,000","299,002,000","298,592,000","298,984,000","292,730,000","281,417,000","275,982,000","248,383,000","234,858,000","228,799,000","220,580,000","212,376,000","204,415,000","166,923,000","162,942,000","140,297,000","133,556,000","123,702,000","120,946,000","117,045,000","113,686,000","108,041,000","104,557,000","100,893,000","98,136,000","94,001,000","92,323,000","90,512,000","87,868,000","76,648,000","72,591,000","69,682,000","65,918,000","59,549,000","61,039,000","58,342,000","56,757,000","56,018,000","47,200,000","34,541,000","33,445,000","31,016,000","28,569,000","27,010,000","23,976,000","28,042,000","26,500,000","24,436,000","24,530,000","22,560,000","22,871,000","26,567,000","27,369,000","27,832,000","29,335,000","28,024,000","28,075,000","25,924,000","23,431,000","20,810,000","-7,443,624","16,560,155","19,746,888","17,068,073","9,600,000","7,700,000","6,600,000","4,700,000"
OperatingExpense,"922,072,000","234,109,000","222,323,000","229,736,000","235,902,000","227,971,000","228,641,000","227,873,000","232,843,000","223,450,000","217,259,000","227,088,000","221,997,000","205,079,000","202,611,000","205,501,000","201,447,000","193,163,000","194,466,000","192,914,000","193,254,000","191,577,000","192,366,000","207,387,000","190,207,000","190,395,000","192,202,000","190,639,000","201,737,000","188,824,000","185,999,000","186,446,000","169,118,000","155,039,000","155,108,000","162,596,000","146,067,000","150,981,000","118,577,000","111,742,000","99,315,000","95,238,000","93,551,000","92,412,000","90,773,000","87,701,000","84,144,000","83,128,000","81,952,000","80,032,000","78,150,000","77,415,000","75,728,000","75,419,000","65,221,000","61,801,000","57,844,000","56,218,000","54,238,000","53,228,000","51,117,000","50,703,000","49,702,000","44,380,000","39,371,000","29,559,000","28,382,000","28,796,000","29,057,000","41,311,000","28,040,000","29,198,000","28,071,000","34,965,000","29,049,000","38,227,000","34,540,000","33,952,000","35,361,000","33,190,000","35,427,000","12,479,000","54,553,000","29,127,000","25,648,000","-357,890","23,107,590","20,622,532","19,022,132","33,200,000","9,100,000","8,400,000","12,400,000"
	SellingGeneralAndAdministration,"220,029,000","63,483,000","51,000,000","53,945,000","51,601,000","47,411,000","48,152,000","49,088,000","49,617,000","43,962,000","42,272,000","55,524,000","50,959,000","35,625,000","34,908,000","35,943,000","36,049,000","30,520,000","32,559,000","33,394,000","34,223,000","33,023,000","32,255,000","47,664,000","30,406,000","28,934,000","27,872,000","28,262,000","29,884,000","26,610,000","26,589,000","25,441,000","24,676,000","21,711,000","21,827,000","21,507,000","20,431,000","19,624,000","17,565,000","17,744,000","17,215,000","15,797,000","15,415,000","15,721,000","15,895,000","14,978,000","14,417,000","14,297,000","14,506,000","14,345,000","13,204,000","13,164,000","12,075,000","13,305,000","12,496,000","12,548,000","10,491,000","11,878,000","11,289,000","11,578,000","10,824,000","10,810,000","11,044,000","11,495,000","8,703,000","7,141,000","6,725,000","7,112,000","7,200,000","14,327,000","7,374,000","7,096,000","7,322,000","7,859,000","7,933,000","7,242,000","8,483,000","8,249,000","8,983,000","8,998,000","9,374,000","9,933,000","10,009,000","10,759,000","10,641,000","8,305,637","7,036,945","6,338,187","5,974,932","5,600,000","4,800,000","4,900,000","4,100,000"
	DepreciationAmortizationDepletionIncomeStatement,"700,161,000","169,895,000","170,916,000","175,469,000","183,881,000","180,383,000","180,302,000","178,706,000","182,579,000","179,488,000","174,987,000","171,564,000","171,038,000","169,454,000","167,703,000","169,558,000","165,398,000","162,643,000","161,907,000","159,520,000","159,031,000","158,554,000","160,111,000","159,723,000","159,801,000","161,461,000","164,330,000","162,377,000","171,853,000","162,214,000","159,410,000","161,005,000","144,442,000","133,328,000","133,281,000","141,089,000","125,636,000","131,357,000","101,012,000","93,998,000","82,100,000","79,441,000","78,136,000","76,691,000","74,878,000","72,723,000","69,727,000","68,831,000","67,446,000","65,687,000","64,946,000","64,251,000","63,653,000","53,455,000","55,979,000","52,169,000","49,842,000","46,615,000","45,194,000","43,872,000","42,085,000","42,734,000","43,509,000","36,258,000","21,884,000","23,063,000","22,374,000","22,190,000","22,441,000","29,532,000","21,411,000","21,432,000","21,587,000","22,253,000","22,409,000","21,992,000","26,760,000","59,221,000","26,378,000","24,192,000","26,053,000","26,945,000","20,145,000","18,368,000","15,007,000","-8,663,527","16,070,645","14,284,345","13,047,200","27,600,000","4,300,000","3,500,000","8,300,000"
		DepreciationAndAmortizationInIncomeStatement,"700,161,000","169,895,000","170,916,000","175,469,000","183,881,000","180,383,000","180,302,000","178,706,000","182,579,000","179,488,000","174,987,000","171,564,000","171,038,000","169,454,000","167,703,000","169,558,000","165,398,000","162,643,000","161,907,000","159,520,000","159,031,000","158,554,000","160,111,000","159,723,000","159,801,000","161,461,000","164,330,000","162,377,000","171,853,000","162,214,000","159,410,000","161,005,000","144,442,000","133,328,000","133,281,000","141,089,000","125,636,000","131,357,000",,,,,,,,,,,,,,,,,"55,979,000","52,169,000","49,842,000","46,615,000","45,194,000","43,872,000","42,085,000","42,734,000","43,509,000","36,258,000","21,884,000","23,063,000","22,374,000","22,190,000","22,441,000","29,532,000","21,411,000","21,432,000","21,587,000","22,253,000","22,409,000","21,992,000","26,760,000","59,221,000","26,378,000","24,192,000","26,053,000","26,945,000","20,145,000","18,368,000","15,007,000","-8,663,527","16,070,645","14,284,345","13,047,200","27,600,000","4,300,000","3,500,000","8,300,000"
			DepreciationIncomeStatement,,,,,,,,,,,,,,,,,,,,,,,,,,,,,,,,,,,,,,,,,,,,,,,,,,,,,,,"52,725,000","49,253,000","47,353,000","44,340,000","42,949,000","41,650,000","40,293,000","39,893,000","39,015,000","32,885,000","21,008,000","22,258,000","21,673,000","21,644,000","21,643,000","28,698,000","20,511,000","20,559,000","20,749,000","20,908,000","21,066,000","20,720,000","25,605,000",,,,,,,,,,,,,,,,
			Amortization,,,,,,,,,,,,,,,,,,,,,,,,,,,,,,,,,,,,,,,,,,,,,,,,,,,,,,,"3,254,000","2,916,000","2,489,000","2,275,000","2,245,000","2,222,000","1,792,000","2,841,000","4,494,000","3,373,000","876,000","805,000","701,000","546,000","798,000","834,000","900,000","873,000","838,000","1,345,000","1,343,000","1,272,000","1,155,000",,,,,,,,,,,,,,,,
				AmortizationOfIntangiblesIncomeStatement,,,,,,,,,,,,,,,,,,,,,,,,,,,,,,,,,,,,,,,,,,,,,,,,,,,,,,,"3,254,000","2,916,000","2,489,000","2,275,000","2,245,000","2,222,000","1,792,000","2,841,000","4,494,000","3,373,000","876,000","805,000","701,000","546,000","798,000","834,000","900,000","873,000","838,000","1,345,000","1,343,000","1,272,000","1,155,000",,,,,,,,,,,,,,,,
	OtherOperatingExpenses,"1,882,000","731,000","407,000","322,000","420,000","177,000","187,000","79,000","647,000",,,,,,,,,,,,,,,,,,,,,,,,,,,,,,,,,,,,,,,,,,,,,,"-3,254,000","-2,916,000","-2,489,000","-2,275,000","-2,245,000","-2,222,000","-1,792,000","-2,841,000","-4,851,000","-3,373,000","8,784,000","-645,000","-717,000","-506,000","-584,000","-2,548,000","-745,000","670,000","-838,000","4,853,000","-1,293,000","8,993,000","-703,000",,,,,,"24,399,000",,,,,,,,,,
OperatingIncome,"841,278,000","221,227,000","226,959,000","210,033,000","183,063,000","179,945,000","172,780,000","167,851,000","168,710,000","168,950,000","166,779,000","148,611,000","147,481,000","156,468,000","147,869,000","136,408,000","141,518,000","135,380,000","128,011,000","125,036,000","119,139,000","118,661,000","113,485,000","91,578,000","106,967,000","107,107,000","106,800,000","107,953,000","97,247,000","103,906,000","95,418,000","89,536,000","79,265,000","79,819,000","73,691,000","57,984,000","66,309,000","53,434,000","48,346,000","51,200,000","40,982,000","38,318,000","30,151,000","28,534,000","26,272,000","25,985,000","23,897,000","21,429,000","18,941,000","18,104,000","15,851,000","14,908,000","14,784,000","12,449,000","11,427,000","10,790,000","11,838,000","9,700,000","5,311,000","7,811,000","7,225,000","6,054,000","6,316,000","2,820,000","-4,830,000","3,886,000","2,634,000","-227,000","-2,047,000","-17,335,000","2,000","-2,698,000","-3,635,000","-10,435,000","-6,489,000","-15,356,000","-7,973,000","-6,583,000","-7,529,000","-3,855,000","-7,403,000","15,596,000","-28,629,000","-5,696,000","-4,838,000","-7,085,734","-6,547,435","-875,644","-1,954,059","-23,600,000","-1,400,000","-1,800,000","-7,700,000"
NetNonOperatingInterestIncomeExpense,"-416,145,000","-98,304,000","-105,008,000","-106,674,000","-106,158,000","-102,555,000","-102,241,000","-102,513,000","-102,511,000","-104,919,000","-101,075,000","-101,633,000","-102,569,000","-101,842,000","-99,323,000","-97,503,000","-93,749,000","-89,715,000","-84,534,000","-81,213,000","-81,771,000","-80,838,000","-86,355,000","-86,730,000","-87,658,000","-87,952,000","-85,853,000","-83,141,000","-82,185,000","-81,394,000","-90,844,000","-83,889,000","-80,482,000","-77,286,000","-76,336,000","-78,487,000","-79,792,000","-89,503,000","-68,117,000","-61,281,000","-59,192,000","-58,775,000","-58,358,000","-54,112,000","-53,144,000","-52,795,000","-52,545,000","-52,316,000","-51,903,000","-51,801,000","-50,122,000","-42,322,000","-35,383,000",,,,,,,,,,,,,,,,,,,,,,,,,,,,,,,,,,,,,,,,
	InterestIncomeNonOperating,"3,448,000","1,324,000","945,000","547,000","632,000","641,000","756,000","699,000","885,000","808,000","1,311,000","1,581,000","1,800,000","1,759,000","2,006,000","1,671,000","1,295,000","2,689,000","2,505,000","2,909,000","3,234,000","3,224,000","3,101,000","2,737,000","1,866,000","1,610,000","1,276,000","715,000","293,000","249,000","161,000","180,000","86,000","182,000","274,000","697,000","641,000","709,000","335,000","37,000","47,000","39,000","38,000","29,000","30,000","63,000","112,000","175,000","82,000","206,000","334,000","294,000","288,000",,,,,,,,,,,,,,,,,,,,,,,,,,,,,,,,,,,,,,,,
	InterestExpenseNonOperating,"400,004,000","94,729,000","101,019,000","102,356,000","101,899,000","98,349,000","98,114,000","98,024,000","98,257,000","98,594,000","97,229,000","98,098,000","99,308,000","98,577,000","96,349,000","94,277,000","89,656,000","87,067,000","82,082,000","79,173,000","78,307,000","78,961,000","84,011,000","84,142,000","84,259,000","84,381,000","82,326,000","79,230,000","77,934,000","77,185,000","86,406,000","79,791,000","76,331,000","73,416,000","72,629,000","75,261,000","76,829,000","77,342,000","68,452,000","61,318,000","59,239,000","58,814,000","58,396,000","54,141,000","53,174,000","52,858,000","52,657,000","52,491,000","51,985,000","52,007,000","50,456,000","42,616,000","35,671,000",,,,,,,,,,,,,,,,,,,,,,,,,,,,,,,,,,,,,,,,
	TotalOtherFinanceCost,"19,589,000","4,899,000","4,934,000","4,865,000","4,891,000","4,847,000","4,883,000","5,188,000","5,139,000","7,133,000","5,157,000","5,116,000","5,061,000","5,024,000","4,980,000","4,897,000","5,388,000","5,337,000","4,957,000","4,949,000","6,698,000","5,101,000","5,445,000","5,325,000","5,265,000","5,181,000","4,803,000","4,626,000","4,544,000","4,458,000","4,599,000","4,278,000","4,237,000","4,052,000","3,981,000","3,923,000","3,604,000","3,577,000",,,,,,,,,,,,,,,,,,,,,,,,,,,,,,,,,,,,,,,,,,,,,,,,,,,,,,,
OtherIncomeExpense,"-172,569,000","-74,573,000","-84,987,000","96,560,000","-109,572,000","63,143,000","-57,304,000","-42,385,000","-260,670,000","20,318,000","-46,940,000","603,000","-8,716,000","18,405,000","-34,381,000","-114,545,000","-7,642,000","-34,935,000","9,062,000","-31,200,000","3,628,000","-27,276,000","-40,926,000","29,864,000","36,535,000","13,811,000","-174,967,000","5,717,000","-91,129,000","-18,197,000","-20,216,000","-13,071,000","4,310,000","-24,445,000","24,383,000","-13,521,000","-9,534,000","-14,679,000","-32,868,000","-42,300,000","-3,114,000","-8,383,000","-4,839,000","-3,630,000","-6,813,000","-11,576,000","-5,208,000","-52,985,000","-4,340,000","-9,911,000","-15,900,000","-1,785,000","2,951,000","11,379,000","-939,000","-2,541,000","-2,348,000","-15,663,000","77,000","-657,000","35,000","-2,993,000","435,000","-53,914,000",,"-20,145,000","4,000","-15,382,000","-1,567,000","-14,584,000","-2,247,000","-2,046,000","-22,318,000","-25,049,000","-1,549,000","-15,538,000","-1,384,000","23,476,000","-9,675,000","-29,488,000","-62,040,000","-7,794,000","-31,959,000","-7,400,000","-7,052,000","36,123","-18,507","-6,353,350","-6,165,391",,"-5,400,000","-5,500,000","500,000"
	GainOnSaleOfSecurity,,,,,,,,,,,,,,,,,,,,,,,,,,,,,,,,,,,,,,,,,,,,,,,,,,,,"2,381,000",,,,,,,,,,,,,,,,,,,,,,,,,,,,,,,,,,,,,,,,,
	SpecialIncomeCharges,"-98,285,000","-49,679,000","-15,183,000","-12,289,000","-21,136,000","-14,842,000","-15,042,000","-10,797,000","-34,371,000","-15,031,000","-13,389,000","-12,159,000","-8,208,000","-6,146,000","-9,863,000","-24,335,000","-12,195,000","-16,299,000","-11,000,000","-12,407,000","-11,320,000","-29,417,000","-39,787,000","-17,512,000","-9,365,000","-25,762,000","-63,717,000","-9,790,000","-8,161,000","-8,441,000","-20,827,000","-14,455,000","-14,080,000","-20,710,000","-9,792,000","-14,068,000","-9,686,000","-20,333,000","-32,868,000","-42,300,000","-3,114,000","-8,383,000","-4,839,000","-3,630,000","-6,813,000","-11,576,000","-5,208,000","-52,985,000","-4,340,000","-9,911,000","-15,900,000","-1,785,000","2,951,000","11,379,000","-939,000","-2,541,000","-2,348,000","-15,663,000","77,000","-657,000","35,000","-2,993,000","435,000","-53,914,000",,"-20,145,000","4,000","-15,382,000","-1,567,000","-14,584,000","-2,247,000","-2,046,000","-22,318,000","-25,049,000","-1,549,000","-15,538,000","-1,384,000","23,476,000","-9,675,000","-29,488,000","-62,040,000","-7,794,000","-31,959,000","-7,400,000","-7,052,000","36,123","-18,507","-6,353,350","-6,165,391",,"-5,400,000","-5,500,000","500,000"
		RestructuringAndMergernAcquisition,"27,621,000","10,096,000","5,730,000","6,794,000","5,001,000","4,025,000","4,124,000","4,634,000","3,799,000","5,559,000","4,692,000","2,539,000","2,437,000","1,790,000","2,995,000","3,133,000","3,044,000","5,510,000","1,583,000","2,306,000","2,969,000","4,166,000","2,970,000","2,821,000","3,182,000","4,381,000","364,000","5,780,000","1,339,000","-2,930,000","-58,000","2,225,000","8,561,000","7,820,000","3,599,000","1,957,000","5,822,000","18,558,000","5,715,000","15,816,000","344,000","2,268,000","1,474,000","1,029,000","2,373,000","3,428,000","3,229,000","1,405,000","2,055,000","2,164,000","899,000","1,310,000","434,000",,,,,,,,,,,,,"0","31,000","2,000","17,000","27,000","3,000","58,000","163,000","67,000","1,066,000","396,000","976,000","1,132,000","1,225,000","21,085,000","54,117,000",,,,,,,,,,,,
		ImpairmentOfCapitalAssets,"31,162,000","13,753,000","9,453,000","3,475,000","4,483,000","10,817,000","8,319,000","6,163,000","13,708,000","9,472,000","8,240,000","9,620,000","5,771,000","4,356,000","6,868,000","7,404,000","8,506,000","10,789,000","9,417,000","8,140,000","8,351,000","7,062,000","2,305,000","14,691,000","6,183,000","20,598,000","63,353,000","4,010,000","6,822,000","10,247,000","5,992,000","3,994,000","3,568,000","12,555,000","6,190,000","6,493,000","3,722,000","3,828,000","1,560,000","646,000","349,000","4,070,000","1,106,000","296,000",,,,,,,,,,,,,,,,,,,,,,,,,,,,,,,,,,,,,,,,,,,,,,,,,
		WriteOff,,,,,"1,327,000","2,830,000","1,187,000","739,000","2,699,000","9,472,000","8,240,000","9,620,000","5,771,000","4,356,000","6,868,000","7,404,000","8,506,000","10,789,000","9,417,000","8,140,000","8,351,000","7,062,000","2,305,000","14,691,000","6,183,000","20,598,000","63,353,000","4,010,000","6,822,000","10,247,000","5,992,000","3,994,000","3,568,000","12,555,000","6,190,000","6,493,000","3,722,000","3,828,000",,,,,,,,,,,,,,,,,,,,,,,,,,,,,,,,,,,,,,,,,,,,,,,,,,,,,,,
		OtherSpecialCharges,"39,502,000","25,830,000",,"2,020,000","11,652,000","0","2,599,000","79,000","16,864,000","0","457,000",,,"0",,"13,798,000","645,000","0",,"1,961,000",,"18,189,000","34,512,000",,,"783,000",,,,"1,124,000","14,893,000","8,236,000","1,951,000","335,000","3,000","5,618,000","142,000","-2,053,000","25,593,000","25,838,000","2,421,000","2,045,000","2,259,000","2,305,000","4,440,000","2,286,000","1,979,000","51,580,000","2,285,000","3,863,000","15,001,000","475,000","-3,385,000",,,,,,,,,,,,,"20,145,000","-35,000","15,380,000","1,550,000","14,557,000","2,244,000","1,988,000","22,155,000","24,982,000","483,000","15,142,000","408,000","-24,608,000","8,450,000","8,403,000","7,923,000",,,,,,,,,,,,
	OtherNonOperatingIncomeExpenses,"-74,284,000","-24,894,000","-69,804,000","108,849,000","-88,436,000","77,985,000","-42,262,000","-31,588,000","-226,299,000","35,349,000","-33,551,000","12,762,000","-508,000","24,551,000","-24,518,000","-90,210,000","4,553,000","-18,636,000","20,062,000","-18,793,000","14,948,000","2,141,000","-1,139,000","47,376,000","45,900,000","39,573,000","-111,250,000","15,507,000","-82,968,000","-9,756,000","611,000","1,384,000","18,390,000","-3,735,000","34,175,000","547,000","152,000","421,000",,,,,,,,,,,,,,,,,,,,,,,,,,,,,,,,,,,,,,,,,,,,,,,,,,,,,,,
PretaxIncome,"252,564,000","48,350,000","36,964,000","199,919,000","-32,667,000","140,533,000","13,235,000","22,953,000","-194,471,000","84,349,000","18,764,000","47,581,000","36,196,000","73,031,000","14,165,000","-75,640,000","40,127,000","10,730,000","52,539,000","12,623,000","40,996,000","10,547,000","-13,796,000","34,712,000","55,844,000","32,966,000","-154,020,000","30,529,000","-76,067,000","4,315,000","-15,642,000","-7,424,000","3,093,000","-21,912,000","21,738,000","-34,024,000","-23,017,000","-50,748,000","-52,639,000","-52,381,000","-21,324,000","-28,840,000","-33,046,000","-29,208,000","-33,685,000","-38,386,000","-33,856,000","-83,872,000","-37,302,000","-43,608,000","-50,171,000","-29,199,000","-17,648,000","3,029,000","-15,999,000","-18,200,000","-14,556,000","-28,746,000","-16,992,000","-14,971,000","-16,302,000","-24,312,000","-24,147,000","75,441,000","-8,807,000","-31,109,000","-14,093,000","-26,045,000","-21,297,000","-51,927,000","-21,194,000","-22,493,000","-47,734,000","-52,703,000","-32,155,000","-45,013,000","-32,689,000","-31,587,000","-31,115,000","-46,836,000","-82,650,000","-29,296,000","-48,710,000","-22,843,000","-17,573,000","-5,057,784","-5,570,249","-7,555,076","-9,498,931","-9,400,000","-7,800,000","-8,900,000","-8,000,000"
TaxProvision,"14,940,000","-554,000","-10,834,000","47,250,000","-20,922,000","34,347,000","-9,441,000","-165,000","-66,538,000","16,792,000","-3,002,000","15,608,000","10,207,000","15,878,000","-1,979,000","-18,249,000","8,582,000","3,070,000","3,378,000","3,390,000","3,398,000","5,285,000","1,574,000","2,001,000","2,205,000","1,949,000","1,926,000","2,224,000","2,963,000","3,925,000","982,000","2,043,000","1,686,000","-2,750,000","207,000","1,875,000","-641,000","1,785,000","1,029,000","2,453,000","1,327,000","329,000","391,000","702,000","691,000","195,000","719,000","-18,000","109,000","2,000","18,000","229,000","242,000","345,000","424,000","190,000","78,000","133,000","542,000","101,000","92,000","-47,000","194,000","197,000","398,000","1,173,000","354,000","331,000","246,000","-117,000","278,000","274,000","276,000","452,000","433,000","435,000","521,000","-1,254,000","558,000","500,000","579,000","414,000","408,000","478,000","354,000","321,149","335,079","352,551","224,486","100,000","200,000","-200,000","-800,000"
NetIncomeCommonStockholders,"237,624,000","48,904,000","47,798,000","152,669,000","-11,745,000","105,782,000","22,568,000","22,813,000","-127,058,000","67,351,000","21,679,000","31,973,000","25,989,000","57,153,000","16,144,000","-57,391,000","31,545,000","7,660,000","49,161,000","9,233,000","37,598,000","5,262,000","-15,370,000","32,711,000","53,639,000","31,017,000","-155,946,000","28,305,000","-79,030,000","390,000","-16,624,000","-9,467,000","1,407,000","-19,162,000","21,531,000","-35,899,000","-22,376,000","-52,489,000","-52,445,000","-53,472,000","-22,631,000","-29,081,000","-33,305,000","-29,819,000","-34,251,000","-39,161,000","-34,488,000","-83,699,000","-37,326,000","-43,510,000","-50,109,000","-29,360,000","-17,890,000","2,684,000","-16,423,000","-18,390,000","-14,634,000","-28,879,000","-17,534,000","-15,072,000","-16,394,000","-24,265,000","-24,341,000","-75,638,000","-9,205,000","-32,297,000","-14,444,000","-26,255,000","-21,713,000","-52,103,000","-24,010,000","-23,246,000","-47,922,000","-51,168,000","-19,666,000","-56,408,000","-33,755,000","-30,333,000","-31,673,000","-47,336,000","-83,229,000","-29,710,000","-49,118,000","-23,321,000","-22,996,000","-5,378,933","-5,905,328","-7,907,627","-9,723,417","-9,500,000","-8,000,000","-10,100,000","-8,300,000"
	NetIncome,"237,624,000","48,904,000","47,798,000","152,669,000","-11,745,000","105,782,000","22,568,000","22,813,000","-127,058,000","67,351,000","21,679,000","31,973,000","25,989,000","57,153,000","16,144,000","-57,391,000","31,545,000","7,660,000","49,161,000","9,233,000","37,598,000","5,262,000","-15,370,000","32,711,000","53,639,000","31,017,000","-155,946,000","28,305,000","-79,030,000","390,000","-16,624,000","-9,467,000","1,407,000","-19,162,000","21,531,000","-35,899,000","-22,376,000","-52,489,000","-52,445,000","-53,472,000","-22,631,000","-29,081,000","-33,305,000","-29,819,000","-34,251,000","-39,161,000","-34,488,000","-83,699,000","-37,326,000","-43,510,000","-50,109,000","-29,360,000","-17,890,000","2,684,000","-16,423,000","-18,390,000","-14,634,000","-28,879,000","-17,534,000","-15,072,000","-16,394,000","-24,265,000","-24,341,000","-75,638,000","-9,205,000","-32,297,000","-14,444,000","-26,255,000","-21,713,000","-52,103,000","-24,010,000","-23,246,000","-47,922,000","-51,168,000","-19,666,000","-56,408,000","-33,755,000","-30,333,000","-31,673,000","-47,336,000","-83,229,000","-29,710,000","-49,118,000","-23,321,000","-22,996,000","-5,378,933","-5,905,328","-7,907,627","-9,723,417","-9,500,000","-8,000,000","-8,700,000","-8,300,000"
		NetIncomeIncludingNoncontrollingInterests,"237,624,000","48,904,000","47,798,000","152,669,000","-11,745,000","106,186,000","22,676,000","23,118,000","-127,933,000","67,557,000","21,766,000","31,973,000","25,989,000","57,153,000","16,144,000","-57,391,000","31,545,000","7,660,000","49,161,000","9,233,000","37,598,000","5,262,000","-15,370,000","32,711,000","53,639,000","31,017,000","-155,946,000","28,305,000","-79,030,000","390,000","-16,624,000","-9,467,000","1,407,000","-19,162,000","21,531,000","-35,899,000","-22,376,000","-52,586,000","-52,699,000","-53,454,000","-22,651,000","-29,169,000","-33,437,000","-29,910,000","-34,376,000","-38,581,000","-34,575,000","-83,854,000","-37,411,000","-43,610,000","-50,189,000","-29,428,000","-17,890,000","2,684,000","-16,423,000","-18,390,000","-14,634,000","-28,879,000","-17,534,000","-15,072,000","-16,394,000","-24,265,000","-24,341,000","-75,638,000","-9,205,000","-32,297,000","-14,444,000","-26,255,000","-21,713,000","-52,103,000","-24,010,000","-23,246,000","-47,922,000","-51,168,000","-19,666,000","-56,408,000","-33,755,000","-30,333,000","-31,673,000","-47,336,000","-83,229,000","-29,710,000","-49,118,000","-23,321,000","-22,996,000","-5,378,933","-5,905,328","-7,907,627","-9,723,417","-9,500,000","-8,000,000","-8,700,000","-8,300,000"
			NetIncomeContinuousOperations,"237,624,000","48,904,000","47,798,000","152,669,000","-11,745,000","106,186,000","22,676,000","23,118,000","-127,933,000","67,557,000","21,766,000","31,973,000","25,989,000","57,153,000","16,144,000","-57,391,000","31,545,000","7,660,000","49,161,000","9,233,000","37,598,000","5,262,000","-15,370,000","32,711,000","53,639,000","31,017,000","-155,946,000","28,305,000","-79,030,000","390,000","-16,624,000","-9,467,000","1,407,000","-19,162,000","21,531,000","-35,899,000","-22,376,000","-52,533,000","-53,668,000","-54,834,000","-22,651,000","-29,169,000","-33,437,000","-29,910,000","-34,376,000","-38,581,000","-34,575,000","-83,854,000","-37,411,000","-43,610,000","-50,189,000","-29,428,000","-17,890,000","2,684,000","-16,423,000","-18,390,000","-14,634,000","-28,879,000","-17,534,000","-15,072,000","-16,394,000","-24,265,000","-24,341,000","-75,638,000","-9,205,000","-32,282,000","-14,447,000","-26,376,000","-21,543,000","-51,810,000","-21,472,000","-22,767,000","-48,010,000","-53,155,000","-32,588,000","-45,448,000","-33,210,000","-30,333,000","-31,673,000","-47,336,000","-83,229,000","-29,710,000","-49,118,000","-23,321,000","-17,927,000","-5,378,933","-5,905,328","-7,907,627","-9,723,417","-9,500,000","-8,000,000","-8,700,000","-7,200,000"
			NetIncomeDiscontinuousOperations,,,,,,,,,,,,,,,,,,,,,,,,,,,,,,,,,,"0","0","0",,"-53,000","969,000","1,380,000",,,,,,,,,,,,,,,,,,,,,,,,,,"-15,000","3,000","121,000","-170,000","-293,000","-2,538,000","-479,000","88,000","1,987,000","12,922,000","-10,960,000",,,,,,,,,,,,,,,,,"-1,100,000"
			NetIncomeExtraordinary,,,,,,,,,,,,,,,,,,,,,,,,,,,,,,,,,,,,,,,,,,,,,,,,,,,,,,,,,,,,,,,,,,,,,,,,,,"0",,,"-545,000","0",,,,,,,,,,,,,,,
			NetIncomeFromTaxLossCarryforward,,,,,,,,,,,,,,,,,,,,,,,,,,,,,,,,,,,,,,,,,,,,,,,,,,,,,,,,,,,,,,,,,,,,,,,,,,,,,,,,,,"0",,,"-5,069,000",,,,,"0",,,
		MinorityInterests,"0","0","0","0","0","-404,000","-108,000","-305,000","875,000","-206,000","-87,000",,,,,,,,,,,,,,,,,,,,,,,"0","0","0","0","97,000","254,000","-18,000","20,000","88,000","132,000","91,000","125,000","-580,000","87,000","155,000","85,000","100,000","80,000","68,000",,,,,,,,,,,,,,,,,,,,,,,,,,,,,,,,,,,,,,,,,
	PreferredStockDividends,,,,,,,,,,,,,,,,,,,,,,,,,,,,,,,,,,,,,,,,,,,,,,,,,,,,,,,,,,,,,,,,,,,,,,,,,,,,,,,,,,,,,,,,,,"0",,"1,400,000",
DilutedNIAvailtoComStockholders,"237,624,000","48,904,000","47,798,000","152,669,000","-11,745,000","105,782,000","22,568,000","22,813,000","-127,058,000","67,351,000","21,679,000","31,973,000","25,989,000","57,153,000","16,144,000","-57,391,000","31,545,000","7,660,000","49,161,000","9,233,000","37,598,000","5,262,000","-15,370,000","32,711,000","53,639,000","31,017,000","-155,946,000","28,305,000","-79,030,000","390,000","-16,624,000","-9,467,000","1,407,000","-19,162,000","21,531,000","-35,899,000","-22,376,000","-52,489,000","-52,445,000","-53,472,000","-22,631,000","-29,081,000","-33,305,000","-29,819,000","-34,251,000","-39,161,000","-34,488,000","-83,699,000","-37,326,000","-43,510,000","-50,109,000","-29,360,000","-17,890,000","2,684,000","-16,423,000","-18,390,000","-14,634,000","-28,879,000","-17,534,000","-15,072,000","-16,394,000","-24,265,000","-24,341,000","-75,638,000","-9,205,000","-32,297,000","-14,444,000","-26,255,000","-21,713,000","-52,103,000","-24,010,000","-23,246,000","-47,922,000","-51,168,000","-19,666,000","-56,408,000","-33,755,000","-30,333,000","-31,673,000","-47,336,000","-83,229,000","-29,710,000","-49,118,000","-23,321,000","-22,996,000","-5,378,933","-5,905,328","-7,907,627","-9,723,417","-9,500,000","-8,000,000","-10,100,000","-8,300,000"
BasicEPS,,"0.45","0.44","1.4","-0.11","0.96","0.2","0.2","-1.14","0.6","0.19","0.28","0.23","0.5","0.14","-0.5","0.27","0.07","0.41","0.08","0.31","0.04","-0.12","0.26","0.43","0.25","-1.23","0.22","-0.61","0.003","-0.13","-0.07","0.01","-0.15","0.17","-0.28","-0.18","-0.41","-0.43","-0.44","-0.2",,"-0.3","-0.27","-0.3",,"-0.3","-0.72","-0.32",,"-0.43","-0.25","-0.15",,"-0.15","-0.17","-0.13",,"-0.17","-0.15","-0.16",,"-0.24","-0.77","-0.11",,"-0.19","-0.38","-0.33",,"-0.42","-0.41","-0.86",,"-0.38","-1.1","-0.66",,"-0.62","-0.94","-1.7",,"-1.03","-0.5","-0.49",,"-0.14","-0.2","-0.27",,"-0.28","-0.64","-0.973"
DilutedEPS,,"0.44","0.43","1.37","-0.11","0.94","0.2","0.2","-1.14","0.59","0.19","0.28","0.23","0.5","0.14","-0.5","0.27","0.06","0.41","0.08","0.31","0.04","-0.12","0.26","0.43","0.24","-1.23","0.22","-0.61","0.003","-0.13","-0.07","0.01","-0.15","0.16","-0.28","-0.18","-0.41","-0.43","-0.44","-0.2",,"-0.3","-0.27","-0.3",,"-0.3","-0.72","-0.32",,"-0.43","-0.25","-0.15",,"-0.15","-0.17","-0.13",,"-0.17","-0.15","-0.16",,"-0.24","-0.77","-0.11",,"-0.19","-0.38","-0.33",,"-0.42","-0.41","-0.86",,"-0.38","-1.1","-0.66",,"-0.62","-0.94","-1.7",,"-1.03","-0.5","-0.49",,"-0.14","-0.2","-0.27",,"-0.28","-0.64","-0.973"
BasicAverageShares,,"108,855,000","109,577,000","109,412,000","109,469,000","110,707,000","111,783,000","111,738,000","111,908,000","112,288,000","113,037,000","113,205,000","112,708,000","113,517,000","114,597,000","115,064,000","116,494,000","117,231,000","119,746,000","121,455,000","121,049,000","122,682,000","124,604,000","125,125,000","125,398,000","126,005,000","127,170,000","128,809,000","129,235,000","129,113,000","129,046,000","128,950,000","128,560,000","128,406,000","127,885,000","127,713,000","127,068,000","126,598,000","121,689,000","121,318,000","111,431,000",,"110,232,000","112,324,000","114,416,000",,"114,748,000","115,666,000","117,118,000",,"116,686,000","117,079,000","117,984,000",,"107,384,000","107,131,000","108,469,000",,"104,188,000","103,160,000","105,666,000",,"103,733,000","98,138,000","85,694,000",,"74,487,000","70,330,000","65,260,000",,"57,776,000","56,933,000","55,684,000",,"52,394,000","51,133,000","51,130,000",,"50,745,000","50,392,000","49,010,000",,"47,600,000","47,105,000","46,801,000",,"43,370,255","39,234,008","35,382,348",,"28,571,429","15,781,250","8,526,052"
DilutedAverageShares,,"110,727,000","111,565,000","111,301,000","109,469,000","112,538,000","113,703,000","113,634,000","111,908,000","114,306,000","115,184,000","114,940,000","114,344,000","115,010,000","116,114,000","115,064,000","118,293,000","118,931,000","121,026,000","122,437,000","121,734,000","123,307,000","124,604,000","125,783,000","126,124,000","126,964,000","127,170,000","129,948,000","129,235,000","129,113,000","129,046,000","128,950,000","138,356,000","128,406,000","136,912,000","127,713,000","127,068,000","126,598,000","121,689,000","121,318,000","111,431,000",,"110,232,000","112,324,000","114,416,000",,"114,748,000","115,666,000","117,118,000",,"116,686,000","117,079,000","117,984,000",,"107,384,000","107,131,000","108,469,000",,"104,188,000","103,160,000","105,666,000",,"103,733,000","98,138,000","85,694,000",,"74,487,000","70,330,000","65,260,000",,"57,776,000","56,933,000","55,684,000",,"52,394,000","51,133,000","51,130,000",,"50,745,000","50,392,000","49,010,000",,"47,600,000","47,105,000","46,801,000",,"43,370,255","39,234,008","35,382,348",,"28,571,429","15,781,250","8,526,052"
TotalOperatingIncomeAsReported,"782,495,000","197,378,000","211,776,000","199,764,000","173,579,000","165,103,000","160,337,000","157,054,000","151,203,000","153,919,000","153,847,000","136,452,000","139,273,000","150,322,000","138,006,000","125,871,000","129,968,000","119,081,000","117,011,000","114,590,000","107,819,000","107,433,000","108,210,000","74,066,000","97,602,000","82,128,000","43,083,000","98,163,000","89,086,000","96,589,000","89,484,000","83,317,000","67,136,000","59,444,000","63,902,000","49,534,000","56,765,000","31,048,000","41,071,000","34,738,000","40,289,000","31,980,000","27,571,000","27,209,000","23,899,000","16,695,000","20,668,000","20,024,000","16,886,000","12,056,000","14,952,000","13,598,000","14,350,000","11,528,000","11,427,000","10,790,000","11,838,000","9,700,000","5,311,000","7,811,000","7,225,000","6,054,000","6,316,000","2,820,000","-4,830,000","3,886,000","2,603,000","-229,000","-2,064,000","-17,362,000","-1,000","-2,756,000","-3,798,000","-10,502,000","-7,555,000","-15,752,000","-8,949,000","-7,715,000","-8,754,000","-24,940,000","-61,520,000","-8,803,000","-28,629,000","-5,696,000","-4,838,000","-7,085,734","-6,547,435","-875,644","-1,954,059","-23,600,000","-1,400,000","-1,800,000","-7,700,000"
TotalExpenses,"1,467,556,000","373,911,000","362,346,000","365,495,000","365,676,000","355,962,000","350,160,000","339,375,000","348,357,000","344,708,000","340,768,000","351,536,000","345,812,000","327,381,000","319,352,000","319,915,000","316,784,000","307,692,000","305,934,000","302,258,000","304,224,000","297,844,000","297,834,000","313,954,000","292,802,000","299,834,000","303,935,000","302,751,000","312,847,000","300,828,000","297,875,000","293,884,000","266,285,000","255,577,000","258,403,000","266,321,000","246,762,000","240,407,000","190,260,000","177,947,000","151,508,000","145,501,000","145,398,000","142,519,000","141,477,000","139,512,000","134,745,000","133,086,000","129,024,000","126,876,000","123,438,000","121,287,000","120,266,000","121,980,000","107,229,000","101,162,000","98,079,000","99,203,000","97,890,000","92,478,000","88,583,000","90,696,000","91,856,000","84,556,000","73,634,000","68,533,000","63,387,000","63,475,000","60,351,000","82,868,000","58,741,000","59,045,000","60,936,000","68,068,000","58,864,000","65,731,000","66,194,000","70,658,000","74,577,000","73,463,000","71,347,000","53,554,000","91,662,000","63,451,000","57,794,000","60,664,489","51,942,438","39,378,530","32,383,084","52,900,000","26,000,000","21,200,000","21,400,000"
NetIncomeFromContinuingAndDiscontinuedOperation,"237,624,000","48,904,000","47,798,000","152,669,000","-11,745,000","105,782,000","22,568,000","22,813,000","-127,058,000","67,351,000","21,679,000","31,973,000","25,989,000","57,153,000","16,144,000","-57,391,000","31,545,000","7,660,000","49,161,000","9,233,000","37,598,000","5,262,000","-15,370,000","32,711,000","53,639,000","31,017,000","-155,946,000","28,305,000","-79,030,000","390,000","-16,624,000","-9,467,000","1,407,000","-19,162,000","21,531,000","-35,899,000","-22,376,000","-52,489,000","-52,445,000","-53,472,000","-22,631,000","-29,081,000","-33,305,000","-29,819,000","-34,251,000","-39,161,000","-34,488,000","-83,699,000","-37,326,000","-43,510,000","-50,109,000","-29,360,000","-17,890,000","2,684,000","-16,423,000","-18,390,000","-14,634,000","-28,879,000","-17,534,000","-15,072,000","-16,394,000","-24,265,000","-24,341,000","-75,638,000","-9,205,000","-32,297,000","-14,444,000","-26,255,000","-21,713,000","-52,103,000","-24,010,000","-23,246,000","-47,922,000","-51,168,000","-19,666,000","-56,408,000","-33,210,000","-30,333,000","-31,673,000","-47,336,000","-83,229,000","-29,710,000","-49,118,000","-23,321,000","-17,927,000","-5,378,933","-5,905,328","-7,907,627","-9,723,417","-9,500,000","-8,000,000","-8,700,000","-8,300,000"
NormalizedIncome,"330,095,115.598","85,169,670","58,881,590","162,053,547.447","3,684,280","116,996,537.596","33,548,660","30,694,810","-104,446,992.996","79,389,663.968","31,452,970","40,143,482.062","31,882,405.68","61,962,770.344","23,343,990","-38,927,092.213","41,131,843.646","19,295,632.805","59,453,753.954","18,308,008.397","47,979,728.949","22,912,200","8,502,200","49,213,507.26","62,634,223.032","55,255,911.424","-117,715,800","37,381,810.574","-74,133,400","5,876,650","-3,086,450","-71,250","10,559,000","-1,051,146.586","31,229,755.727","-26,754,800","-12,959,745.232","-39,219,550","-32,049,800","-27,357,000","-20,606,900","-23,632,050","-30,159,650","-27,459,500","-29,822,550","-31,636,600","-31,102,800","-30,725,371.256","-34,505,000","-37,067,850","-39,774,000","-28,199,750","-19,808,150","-7,398,943.546","-15,812,650","-16,738,350","-13,107,800","-18,698,050","-17,584,050","-14,644,950","-16,416,750","-21,277,786.073","-24,602,000","-21,864,786.283","-9,205,000","-20,195,000","-14,449,400","-17,146,800","-20,602,800","-37,258,860.131","-20,123,800","-21,539,400","-34,619,200","-38,125,600","-31,658,600","-36,125,200","-32,379,600","-52,877,005.699","-25,868,000","-29,643,200","-46,005,000","-25,033,600","-29,942,600","-18,881,000","-13,695,800","-5,400,606.8","-5,894,223.8","-4,095,617","-6,024,182.4","-9,500,000","-4,760,000","-3,323,595.506","-7,650,000"
InterestIncome,"3,448,000","1,324,000","945,000","547,000","632,000","641,000","756,000","699,000","885,000","808,000","1,311,000","1,581,000","1,800,000","1,759,000","2,006,000","1,671,000","1,295,000","2,689,000","2,505,000","2,909,000","3,234,000","3,224,000","3,101,000","2,737,000","1,866,000","1,610,000","1,276,000","715,000","293,000","249,000","161,000","180,000","86,000","182,000","274,000","697,000","641,000","709,000","335,000","37,000","47,000","39,000","38,000","29,000","30,000","63,000","112,000","175,000","82,000","206,000","334,000","294,000","288,000",,,,,,,,,,,,,,,,,,,,,,,,,,,,,,,,,,,,,,,,
InterestExpense,"400,004,000","94,729,000","101,019,000","102,356,000","101,899,000","98,349,000","98,114,000","98,024,000","98,257,000","98,594,000","97,229,000","98,098,000","99,308,000","98,577,000","96,349,000","94,277,000","89,656,000","87,067,000","82,082,000","79,173,000","78,307,000","78,961,000","84,011,000","84,142,000","84,259,000","84,381,000","82,326,000","79,230,000","77,934,000","77,185,000","86,406,000","79,791,000","76,331,000","73,416,000","72,629,000","75,261,000","76,829,000","77,342,000","68,452,000","61,318,000","59,239,000","58,814,000","58,396,000","54,141,000","53,174,000","52,858,000","52,657,000","52,491,000","51,985,000","52,007,000","50,456,000","42,616,000","35,671,000",,,,,,,,,,,,,,,,,,,,,,,,,,,,,,,,,,,,,,,,
NetInterestIncome,"-416,145,000","-98,304,000","-105,008,000","-106,674,000","-106,158,000","-102,555,000","-102,241,000","-102,513,000","-102,511,000","-104,919,000","-101,075,000","-101,633,000","-102,569,000","-101,842,000","-99,323,000","-97,503,000","-93,749,000","-89,715,000","-84,534,000","-81,213,000","-81,771,000","-80,838,000","-86,355,000","-86,730,000","-87,658,000","-87,952,000","-85,853,000","-83,141,000","-82,185,000","-81,394,000","-90,844,000","-83,889,000","-80,482,000","-77,286,000","-76,336,000","-78,487,000","-79,792,000","-89,503,000","-68,117,000","-61,281,000","-59,192,000","-58,775,000","-58,358,000","-54,112,000","-53,144,000","-52,795,000","-52,545,000","-52,316,000","-51,903,000","-51,801,000","-50,122,000","-42,322,000","-35,383,000",,,,,,,,,,,,,,,,,,,,,,,,,,,,,,,,,,,,,,,,
EBIT,"652,568,000","143,079,000","137,983,000","302,275,000","69,232,000","238,882,000","111,349,000","120,977,000","-96,214,000","182,943,000","115,993,000","145,679,000","135,504,000","171,608,000","110,514,000","18,637,000","129,783,000","97,797,000","134,621,000","91,796,000","119,303,000","89,508,000","70,215,000","118,854,000","140,103,000","117,347,000","-71,694,000","109,759,000","1,867,000","81,500,000","70,764,000","72,367,000","79,424,000","51,504,000","94,367,000","41,237,000","53,812,000","26,594,000","15,813,000","8,937,000","37,915,000","29,974,000","25,350,000","24,933,000","19,489,000","14,472,000","18,801,000","-31,381,000","14,683,000","8,399,000","285,000","13,417,000","18,023,000","24,885,000","11,427,000","10,790,000","11,838,000","9,700,000","5,311,000","7,811,000","7,225,000","6,054,000","6,316,000","2,820,000","-4,830,000","3,886,000","2,634,000","-227,000","-2,047,000","-17,335,000","2,000","-2,698,000","-3,635,000","-10,435,000","-6,489,000","-15,356,000","-7,973,000","-6,583,000","-7,529,000","-3,855,000","-7,403,000","15,596,000","-28,629,000","-5,696,000","-4,838,000","-7,085,734","-6,547,435","-875,644","-1,954,059","-23,600,000","-1,400,000","-1,800,000","-7,700,000"
EBITDA,"1,352,729,000"
ReconciledCostOfRevenue,"545,484,000","139,802,000","140,023,000","135,759,000","129,774,000","127,991,000","121,519,000","111,502,000","115,514,000","121,258,000","123,508,000","124,448,000","123,815,000","122,302,000","116,741,000","114,414,000","115,337,000","114,529,000","111,469,000","109,344,000","110,970,000","106,267,000","105,468,000","106,567,000","102,595,000","109,439,000","111,733,000","112,112,000","111,110,000","112,004,000","111,875,000","107,438,000","97,167,000","100,538,000","103,295,000","103,725,000","100,695,000","89,426,000","71,683,000","66,205,000","52,193,000","50,263,000","51,847,000","50,107,000","50,704,000","51,811,000","50,601,000","49,958,000","47,072,000","46,844,000","45,288,000","43,872,000","44,538,000","46,142,000","42,147,000","39,501,000","40,375,000","43,126,000","43,793,000","39,391,000","37,608,000","41,439,000","41,945,000","38,780,000","29,660,000","33,824,000","28,977,000","27,278,000","23,985,000","34,686,000","23,866,000","23,338,000","26,341,000","32,458,000","29,986,000","31,590,000","26,741,000","61,587,000","30,755,000","31,986,000","27,918,000","62,945,000","29,495,000","27,036,000","25,178,000","61,022,379","28,742,117","18,755,998","13,360,952","19,700,000","16,900,000","17,900,000","9,000,000"
ReconciledDepreciation,"700,161,000","169,895,000","170,916,000","175,469,000","183,881,000","180,383,000","180,302,000","178,706,000","182,579,000","179,488,000","174,988,000","171,564,000","171,038,000","169,454,000","167,703,000","169,558,000","165,398,000","162,643,000","161,906,000","159,520,000","159,031,000","158,554,000","160,111,000","159,723,000","159,801,000","161,461,000","164,330,000","162,377,000","171,853,000","162,214,000","159,411,000","161,005,000","144,442,000","133,328,000","133,281,000","141,089,000","125,636,000","131,357,000","101,012,000","93,998,000","82,100,000","79,441,000","78,136,000","76,691,000","74,878,000","72,723,000","69,727,000","68,831,000","67,446,000","65,687,000","64,946,000","64,251,000","63,653,000","53,874,000","55,840,000","52,029,000","49,702,000","46,474,000","45,053,000","43,731,000","41,943,000","41,288,000","43,718,000","37,654,000","26,487,000","28,213,000","28,402,000","29,591,000","29,750,000","36,403,000","28,246,000","27,941,000","28,111,000","22,898,000","22,238,000","17,906,000","31,673,000","34,340,000","34,839,000","32,479,000","34,055,000","5,075,000","27,759,000","25,656,000","21,975,000","-8,663,527","16,163,376","14,284,345","13,047,200","27,600,000","4,300,000","-1,600,000","8,300,000"
NetIncomeFromContinuingOperationNetMinorityInterest,"237,624,000","48,904,000","47,798,000","152,669,000","-11,745,000","105,782,000","22,568,000","22,813,000","-127,058,000","67,351,000","21,679,000","31,973,000","25,989,000","57,153,000","16,144,000","-57,391,000","31,545,000","7,660,000","49,161,000","9,233,000","37,598,000","5,262,000","-15,370,000","32,711,000","53,639,000","31,017,000","-155,946,000","28,305,000","-79,030,000","390,000","-16,624,000","-9,467,000","1,407,000","-19,162,000","21,531,000","-35,899,000","-22,376,000","-52,436,000","-53,414,000","-54,852,000","-22,631,000","-29,081,000","-33,305,000","-29,819,000","-34,251,000","-39,161,000","-34,488,000","-83,699,000","-37,326,000","-43,510,000","-50,109,000","-29,360,000","-17,890,000","2,684,000","-16,423,000","-18,390,000","-14,634,000","-28,879,000","-17,534,000","-15,072,000","-16,394,000","-24,265,000","-24,341,000","-75,638,000","-9,205,000","-32,282,000","-14,447,000","-26,376,000","-21,543,000","-51,810,000","-21,472,000","-22,767,000","-48,010,000","-53,155,000","-32,588,000","-45,448,000","-33,210,000","-30,333,000","-31,673,000","-47,336,000","-83,229,000","-29,710,000","-49,118,000","-23,321,000","-17,927,000","-5,378,933","-5,905,328","-7,907,627","-9,723,417","-9,500,000","-8,000,000","-8,700,000","-7,200,000"
TotalUnusualItemsExcludingGoodwill,"-98,285,000","-49,679,000","-15,183,000","-12,289,000","-21,136,000","-14,842,000","-15,042,000","-10,797,000","-34,371,000","-15,031,000","-13,389,000","-12,159,000","-8,208,000","-6,146,000","-9,863,000","-24,335,000","-12,195,000","-16,299,000","-11,000,000","-12,407,000","-11,320,000","-29,417,000","-39,787,000","-17,512,000","-9,365,000","-25,762,000","-63,717,000","-9,790,000","-8,161,000","-8,441,000","-20,827,000","-14,455,000","-14,080,000","-20,710,000","-9,792,000","-14,068,000","-9,686,000","-20,333,000","-32,868,000","-42,300,000","-3,114,000","-8,383,000","-4,839,000","-3,630,000","-6,813,000","-11,576,000","-5,208,000","-52,985,000","-4,340,000","-9,911,000","-15,900,000","-1,785,000","2,951,000","11,379,000","-939,000","-2,541,000","-2,348,000","-15,663,000","77,000","-657,000","35,000","-2,993,000","435,000","-53,914,000",,"-20,145,000","4,000","-15,382,000","-1,567,000","-14,584,000","-2,247,000","-2,046,000","-22,318,000","-25,049,000","-1,549,000","-15,538,000","-1,384,000","23,476,000","-9,675,000","-29,488,000","-62,040,000","-7,794,000","-31,959,000","-7,400,000","-7,052,000","36,123","-18,507","-6,353,350","-6,165,391",,"-5,400,000","-5,500,000","500,000"
TotalUnusualItems,"-98,285,000","-49,679,000","-15,183,000","-12,289,000","-21,136,000","-14,842,000","-15,042,000","-10,797,000","-34,371,000","-15,031,000","-13,389,000","-12,159,000","-8,208,000","-6,146,000","-9,863,000","-24,335,000","-12,195,000","-16,299,000","-11,000,000","-12,407,000","-11,320,000","-29,417,000","-39,787,000","-17,512,000","-9,365,000","-25,762,000","-63,717,000","-9,790,000","-8,161,000","-8,441,000","-20,827,000","-14,455,000","-14,080,000","-20,710,000","-9,792,000","-14,068,000","-9,686,000","-20,333,000","-32,868,000","-42,300,000","-3,114,000","-8,383,000","-4,839,000","-3,630,000","-6,813,000","-11,576,000","-5,208,000","-52,985,000","-4,340,000","-9,911,000","-15,900,000","-1,785,000","2,951,000","11,379,000","-939,000","-2,541,000","-2,348,000","-15,663,000","77,000","-657,000","35,000","-2,993,000","435,000","-53,914,000",,"-20,145,000","4,000","-15,382,000","-1,567,000","-14,584,000","-2,247,000","-2,046,000","-22,318,000","-25,049,000","-1,549,000","-15,538,000","-1,384,000","23,476,000","-9,675,000","-29,488,000","-62,040,000","-7,794,000","-31,959,000","-7,400,000","-7,052,000","36,123","-18,507","-6,353,350","-6,165,391",,"-5,400,000","-5,500,000","500,000"
NormalizedEBITDA,"1,451,014,000","362,653,000","324,082,000","490,033,000","274,249,000","434,107,000","306,693,000","310,480,000","120,736,000","377,462,000","304,370,000","329,402,000","314,750,000","347,208,000","288,080,000","212,530,000","307,376,000","276,739,000","307,528,000","263,723,000","289,654,000","277,479,000","270,113,000","296,089,000","309,269,000","304,570,000","156,353,000","281,926,000","181,881,000","252,155,000","251,002,000","247,827,000","237,946,000","205,542,000","237,440,000","196,394,000","189,134,000","178,284,000","149,693,000","145,235,000","123,129,000","117,798,000","108,325,000","105,254,000","101,180,000","98,771,000","93,736,000","90,435,000","86,469,000","83,997,000","81,131,000","79,453,000","78,725,000","67,380,000","68,345,000","65,500,000","64,028,000","71,978,000","50,428,000","52,340,000","49,275,000","51,781,000","49,599,000","94,388,000","21,657,000","52,244,000","31,032,000","44,746,000","29,270,000","33,652,000","30,495,000","27,289,000","46,794,000","37,512,000","17,469,000","22,174,000","25,084,000","29,162,000","36,985,000","58,112,000","88,692,000","50,335,000","31,089,000","27,360,000","24,189,000","-15,785,384","9,634,448","19,762,051","17,258,532","4,000,000","8,300,000","7,200,000","100,000"
TaxRateForCalcs,"0.059","0.27","0.27","0.236","0.27","0.244","0.27","0.27","0.342","0.199","0.27","0.328","0.282","0.217","0.27","0.241","0.214","0.286","0.064","0.269","0.083","0.4","0.4","0.058","0.039","0.059","0.4","0.073","0.4","0.35","0.35","0.35","0.35","0.126","0.01","0.35","0.028","0.35","0.35","0.35","0.35","0.35","0.35","0.35","0.35","0.35","0.35","0","0.35","0.35","0.35","0.35","0.35","0.114","0.35","0.35","0.35","0.35","0.35","0.35","0.35","0.002","0.4","0.003","0.4","0.4","0.4","0.4","0.4","0.002","0.4","0.4","0.4","0.4","0.4","0.4","0.4","0.04","0.4","0.4","0.4","0.4","0.4","0.4","0.4","0.4","0.4","0.4","0.4","0.4","0.4","0.022","0.1"
TaxEffectOfUnusualItems,"-5,813,884.402","-13,413,330","-4,099,410","-2,904,452.553","-5,706,720","-3,627,462.404","-4,061,340","-2,915,190","-11,759,992.996","-2,992,336.032","-3,615,030","-3,988,517.938","-2,314,594.32","-1,336,229.656","-2,663,010","-5,871,092.213","-2,608,156.354","-4,663,367.195","-707,246.046","-3,331,991.603","-938,271.051","-11,766,800","-15,914,800","-1,009,492.74","-369,776.968","-1,523,088.576","-25,486,800","-713,189.426","-3,264,400","-2,954,350","-7,289,450","-5,059,250","-4,928,000","-2,599,146.586","-93,244.273","-4,923,800","-269,745.232","-7,116,550","-11,503,800","-14,805,000","-1,089,900","-2,934,050","-1,693,650","-1,270,500","-2,384,550","-4,051,600","-1,822,800","-11,371.256","-1,519,000","-3,468,850","-5,565,000","-624,750","1,032,850","1,296,056.454","-328,650","-889,350","-821,800","-5,482,050","26,950","-229,950","12,250","-5,786.073","174,000","-140,786.283","0","-8,058,000","1,600","-6,152,800","-626,800","-32,860.131","-898,800","-818,400","-8,927,200","-10,019,600","-619,600","-6,215,200","-553,600","931,994.301","-3,870,000","-11,795,200","-24,816,000","-3,117,600","-12,783,600","-2,960,000","-2,820,800","14,449.2","-7,402.8","-2,541,340","-2,466,156.4","0","-2,160,000","-123,595.506","50,000"