name,ttm,12/31/2021,09/30/2021,06/30/2021,03/31/2021,12/31/2020,09/30/2020,06/30/2020,03/31/2020,12/31/2019,09/30/2019,06/30/2019,03/31/2019,12/31/2018,09/30/2018,06/30/2018,03/31/2018,12/31/2017,09/30/2017,06/30/2017,03/31/2017,12/31/2016,09/30/2016,06/30/2016,03/31/2016,12/31/2015,09/30/2015,06/30/2015,03/31/2015,12/31/2014,09/30/2014,06/30/2014,03/31/2014,12/31/2013,09/30/2013,06/30/2013,03/31/2013,12/31/2012,09/30/2012,06/30/2012,03/31/2012,12/31/2011,09/30/2011,06/30/2011,03/31/2011,12/31/2010,09/30/2010,06/30/2010,03/31/2010,12/31/2009,09/30/2009,06/30/2009,03/31/2009,12/31/2008,09/30/2008,06/30/2008,03/31/2008,12/31/2007,09/30/2007,06/30/2007,03/31/2007,12/31/2006,09/30/2006,06/30/2006,03/31/2006,12/31/2005,09/30/2005,06/30/2005,03/31/2005,12/31/2004,09/30/2004,06/30/2004,03/31/2004,12/31/2003,09/30/2003,06/30/2003,03/31/2003,12/31/2002,09/30/2002,06/30/2002,03/31/2002,12/31/2001,09/30/2001,06/30/2001,03/31/2001,12/31/2000,09/30/2000,06/30/2000,03/31/2000,12/31/1999,09/30/1999,06/30/1999,03/31/1999,12/31/1998,09/30/1998,06/30/1998,03/31/1998,12/31/1997,09/30/1997,06/30/1997,03/31/1997,12/31/1996,09/30/1996,06/30/1996,03/31/1996,12/31/1995,09/30/1995,06/30/1995,03/31/1995,12/31/1994,09/30/1994,06/30/1994,03/31/1994,12/31/1993,09/30/1993,06/30/1993,03/31/1993,12/31/1992,09/30/1992,06/30/1992,03/31/1992,12/31/1991,09/30/1991,06/30/1991,03/31/1991,12/31/1990,09/30/1990,06/30/1990,03/31/1990
TotalRevenue,"7,574,400,000","2,072,561,000","1,984,164,000","1,793,370,000","1,724,305,000","1,627,820,000","1,538,271,000","1,524,485,000","1,515,107,000","1,413,265,000","949,828,000","941,293,000","858,435,000","870,106,000","784,535,000","752,157,000","640,799,000","651,634,000","578,165,000","544,135,000","714,718,000","458,706,000","413,783,000","431,608,000","398,080,000","417,935,000","309,816,000","166,076,000","138,509,000","144,556,000","178,987,000","138,421,000","118,451,000","351,157,000","221,700,000","310,750,000","328,368,000","333,994,000","336,006,000","418,305,000","438,737,000","563,340,000","659,200,000","114,424,000","73,662,000","65,524,000","23,795,000","31,622,000","22,429,000","33,889,000","24,957,000","19,064,000","23,979,000","32,811,000","31,609,000","69,409,000","41,675,000","50,992,000","41,014,000","38,196,000","68,810,000","94,254,000","53,289,000","29,726,000","39,087,000","63,756,000","36,207,000","32,321,000","28,606,000","39,835,000","26,828,000","18,541,000","17,513,000","10,604,000","18,352,000","17,576,000","22,609,000","43,784,000","34,276,000","42,330,000","40,695,000","51,525,000","40,368,000","21,443,000","19,057,000","19,704,000","13,866,000","37,034,000","7,523,000","29,600,000","9,600,000","15,300,000","4,000,000","11,700,000","18,400,000","7,200,000","3,200,000","11,200,000","13,500,000","12,200,000","6,900,000","4,800,000","2,900,000","3,100,000","2,500,000","8,200,000","2,300,000","6,500,000","5,100,000","2,700,000","6,500,000","4,800,000","5,600,000","18,000,000","4,400,000","4,600,000","900,000","1,000,000","1,000,000","1,000,000","900,000","800,000","800,000","800,000","800,000","600,000","600,000","600,000","500,000"
	OperatingRevenue,"7,573,400,000","2,072,561,000","1,984,164,000","1,793,370,000","1,723,305,000","1,627,820,000","1,538,271,000","1,524,485,000","1,515,107,000","1,413,265,000","949,828,000","941,293,000","858,435,000","870,106,000","784,535,000","752,157,000","640,799,000","651,634,000","578,165,000","544,135,000","714,718,000","458,706,000","413,783,000","431,608,000","398,080,000","417,935,000","309,816,000","166,076,000","138,509,000","144,556,000","178,987,000","138,421,000","118,451,000","351,157,000","221,700,000","310,750,000","328,368,000","333,994,000","336,006,000","418,305,000","438,737,000","563,340,000","659,200,000","114,424,000","73,662,000","65,524,000","23,795,000","31,622,000","22,429,000","33,889,000","24,957,000","19,064,000","23,979,000","32,811,000","31,609,000","69,409,000","41,675,000","50,992,000","41,014,000","38,196,000","68,810,000","94,254,000","53,289,000","29,726,000","39,087,000","30,927,000","36,207,000","32,321,000","28,606,000","22,513,000","26,828,000","18,541,000","14,931,000","1,602,000","18,352,000","17,576,000","22,609,000","43,784,000","34,276,000","42,330,000","40,695,000","51,525,000","40,368,000","21,443,000","19,057,000","19,704,000","13,866,000","37,034,000","7,523,000","29,600,000","9,600,000","15,300,000","4,000,000","11,700,000","18,400,000","7,200,000","3,200,000","11,200,000","13,500,000","12,200,000","6,900,000","4,800,000","2,900,000","3,100,000","2,500,000","8,200,000","2,300,000","6,500,000","5,100,000","2,700,000","6,500,000","4,800,000","5,600,000","18,000,000","4,400,000","4,600,000","900,000","1,000,000","1,000,000","1,000,000","900,000","800,000","800,000","800,000","800,000","600,000","600,000","600,000","500,000"
CostOfRevenue,"904,200,000","247,387,000","236,512,000","227,972,000","192,329,000","203,101,000","186,182,000","184,520,000","162,497,000","185,012,000","131,914,000","135,740,000","95,092,000","122,289,000","111,255,000","104,382,000","71,613,000","84,052,000","72,874,000","71,205,000","46,988,000","60,482,000","54,077,000","45,252,000","50,649,000","63,385,000","31,960,000","16,860,000","12,307,000","14,027,000","14,184,000","17,300,000","15,476,000","22,264,000","27,339,000","37,931,000","42,743,000","87,715,000","38,536,000","114,423,000","39,211,000","30,127,000","38,406,000","9,306,000","2,666,000","3,049,000","3,228,000","3,086,000","3,367,000","3,647,000","3,712,000","3,267,000","3,576,000","4,215,000","4,194,000","3,701,000","3,576,000","3,672,000","3,562,000","3,401,000","3,269,000","3,177,000","3,113,000","2,885,000","2,995,000","2,783,000","2,796,000","2,489,000","2,030,000","2,009,000","1,466,000","1,328,000","846,000","-4,230,000","1,651,000","1,538,000","3,515,000","6,601,000","6,577,000","6,462,000","8,641,000","9,670,000","10,663,000","921,000","837,000","7,362,000","-1,167,000","-1,010,000","-1,103,000","-1,000,000","-1,000,000","-200,000","-1,200,000","-1,400,000","-1,100,000","-1,100,000","-900,000","-1,000,000","-1,000,000","-800,000","-800,000","-700,000","-800,000","-900,000","-800,000","-1,000,000","-1,000,000","-700,000","-1,000,000","-1,000,000","-800,000","-900,000","-900,000","-1,100,000","-900,000","-900,000","-800,000","-700,000","-700,000","2,000,000","-600,000","-500,000","-400,000","-500,000",,,,,
GrossProfit,"6,670,200,000","1,825,174,000","1,747,652,000","1,565,398,000","1,531,976,000","1,424,719,000","1,352,089,000","1,339,965,000","1,352,610,000","1,228,253,000","817,914,000","805,553,000","763,343,000","747,817,000","673,280,000","647,775,000","569,186,000","567,582,000","505,291,000","472,930,000","667,730,000","398,224,000","359,706,000","386,356,000","347,431,000","354,550,000","277,856,000","149,216,000","126,202,000","130,529,000","164,803,000","121,121,000","102,975,000","328,893,000","194,361,000","272,819,000","285,625,000","246,279,000","297,470,000","303,882,000","399,526,000","533,213,000","620,794,000","105,118,000","70,996,000","62,475,000","20,567,000","28,536,000","19,062,000","30,242,000","21,245,000","15,797,000","20,403,000","28,596,000","27,415,000","65,708,000","38,099,000","47,320,000","37,452,000","34,795,000","65,541,000","91,077,000","50,176,000","26,841,000","36,092,000","60,973,000","33,411,000","29,832,000","26,576,000","37,826,000","25,362,000","17,213,000","16,667,000","14,834,000","16,701,000","16,038,000","19,094,000","37,183,000","27,699,000","35,868,000","32,054,000","41,855,000","29,705,000","20,522,000","18,220,000","12,342,000","15,033,000","38,044,000","8,626,000","30,600,000","10,600,000","15,500,000","5,200,000","13,100,000","19,500,000","8,300,000","4,100,000","12,200,000","14,500,000","13,000,000","7,700,000","5,500,000","3,700,000","4,000,000","3,300,000","9,200,000","3,300,000","7,200,000","6,100,000","3,700,000","7,300,000","5,700,000","6,500,000","19,100,000","5,300,000","5,500,000","1,700,000","1,700,000","1,700,000","-1,000,000","1,500,000","1,300,000","1,200,000","1,300,000",,,,,
OperatingExpense,"3,891,200,000","949,451,000","691,940,000","1,601,759,000","648,050,000","678,427,000","678,048,000","612,732,000","630,786,000","675,288,000","715,622,000","535,593,000","486,535,000","591,091,000","467,805,000","474,835,000","440,361,000","441,458,000","575,657,000","416,700,000","386,889,000","358,360,000","378,425,000","382,660,000","361,074,000","406,730,000","346,056,000","318,252,000","301,459,000","279,990,000","266,163,000","302,226,000","313,175,000","324,797,000","316,378,000","328,976,000","310,974,000","323,561,000","297,845,000","314,058,000","307,517,000","308,319,000","299,706,000","270,267,000","230,135,000","231,366,000","219,289,000","195,997,000","178,564,000","167,804,000","168,704,000","171,857,000","172,101,000","168,818,000","157,158,000","156,021,000","136,205,000","138,792,000","150,365,000","159,509,000","149,115,000","124,984,000","110,888,000","105,620,000","88,081,000","80,969,000","74,328,000","70,171,000","67,062,000","65,904,000","59,390,000","57,610,000","51,397,000","122,909,000","59,558,000","105,045,000","-112,000","70,847,000","63,550,000","59,894,000","58,117,000","55,018,000","50,107,000","37,970,000","33,615,000","26,743,000","30,205,000","28,592,000","27,187,000","28,500,000","24,500,000","25,900,000","25,600,000","25,400,000","21,600,000","17,900,000","16,400,000","18,700,000","20,200,000","14,200,000","13,300,000","11,000,000","11,100,000","12,300,000","11,900,000","11,500,000","11,300,000","17,500,000","12,000,000","12,100,000","11,100,000","11,100,000","9,700,000","10,500,000","8,200,000","6,500,000","5,200,000","4,600,000","4,300,000","1,300,000","3,600,000","3,000,000","2,600,000","2,600,000",,,,,
	SellingGeneralAndAdministration,"840,100,000","255,165,000","198,189,000","194,669,000","192,077,000","211,843,000","184,551,000","191,804,000","182,258,000","195,277,000","159,674,000","156,502,000","147,045,000","153,210,000","137,295,000","137,303,000","129,808,000","134,794,000","120,710,000","127,249,000","113,326,000","109,908,000","106,055,000","111,652,000","105,214,000","96,549,000","99,772,000","94,394,000","85,860,000","78,527,000","75,224,000","77,446,000","74,212,000","75,188,000","87,754,000","106,521,000","92,879,000","110,452,000","97,684,000","117,514,000","111,146,000","121,881,000","110,654,000","96,663,000","71,523,000","62,478,000","48,855,000","40,915,000","35,552,000","32,574,000","36,572,000","32,526,000","28,520,000","24,208,000","27,190,000","28,889,000","21,623,000","23,452,000","21,416,000","23,322,000","16,537,000","15,838,000","14,773,000","14,370,000","12,879,000","12,811,000","10,738,000","10,814,000","9,627,000","11,657,000","10,600,000","10,160,000","9,722,000","7,454,000","9,974,000","10,202,000","11,452,000","12,019,000","12,928,000","13,348,000","11,095,000","10,393,000","11,991,000","10,176,000","7,496,000","7,997,000","6,543,000","6,658,000","6,608,000","8,400,000","6,400,000","5,500,000","5,800,000","5,900,000","4,800,000","4,200,000","3,300,000","3,700,000","2,800,000","2,600,000","2,200,000","2,400,000","1,800,000","1,900,000","1,800,000","2,100,000","1,700,000","1,700,000","1,600,000","11,100,000","10,300,000","10,200,000","8,800,000","9,400,000","7,300,000","5,600,000","4,400,000","3,900,000","3,600,000","600,000","3,000,000","2,500,000","2,200,000","2,100,000",,,,,
	ResearchAndDevelopment,"3,051,100,000","694,286,000","493,751,000","1,407,090,000","455,973,000","466,584,000","493,497,000","420,928,000","448,528,000","480,011,000","555,948,000","379,091,000","339,490,000","437,881,000","330,510,000","337,532,000","310,553,000","306,664,000","454,947,000","289,451,000","273,563,000","248,452,000","272,370,000","271,008,000","255,860,000","310,181,000","246,284,000","223,858,000","215,599,000","201,463,000","190,939,000","224,780,000","238,963,000","249,609,000","228,624,000","222,455,000","218,095,000","213,109,000","200,161,000","196,544,000","196,371,000","186,438,000","189,052,000","173,604,000","158,612,000","168,888,000","170,434,000","155,082,000","143,012,000","135,230,000","132,132,000","139,331,000","143,581,000","144,610,000","129,968,000","127,132,000","114,582,000","115,340,000","128,949,000","136,187,000","132,578,000","109,146,000","96,115,000","91,250,000","75,202,000","68,158,000","63,590,000","59,357,000","57,435,000","54,247,000","48,790,000","47,450,000","41,675,000","45,772,000","50,035,000","50,712,000","53,117,000","58,828,000","50,622,000","46,546,000","47,022,000","44,625,000","38,116,000","27,794,000","26,119,000","25,145,000","21,348,000","19,824,000","18,604,000","18,100,000","16,400,000","19,000,000","18,600,000","18,100,000","15,700,000","12,600,000","12,200,000","14,000,000","16,400,000","10,800,000","10,300,000","7,900,000","8,500,000","9,500,000","9,300,000","8,400,000","8,600,000","15,100,000","9,400,000",,,,,,,,,,,,,,,,,,,,
	DepreciationAmortizationDepletionIncomeStatement,,,,,,,,,,,,,,,,,,,,,,,,,,,,,,,,,,,,,,,,,,,,,,,,,,,,,,,,,,,,,,,,,,,,,,,,,,,,,,,,,,,,,,,"2,314,000","2,110,000","1,975,000","2,000,000","1,700,000","1,400,000","1,200,000","1,400,000","1,100,000","1,100,000","900,000","1,000,000","1,000,000","800,000","800,000","700,000","800,000","900,000","800,000","1,000,000","1,000,000","700,000","1,000,000","1,000,000","800,000","900,000","900,000","1,100,000","900,000","900,000","800,000","700,000","700,000","700,000","600,000","500,000","400,000","500,000",,,,,
		DepreciationAndAmortizationInIncomeStatement,,,,,,,,,,,,,,,,,,,,,,,,,,,,,,,,,,,,,,,,,,,,,,,,,,,,,,,,,,,,,,,,,,,,,,,,,,,,,,,,,,,,,,,"2,314,000","2,110,000","1,975,000","2,000,000","1,700,000","1,400,000","1,200,000","1,400,000","1,100,000","1,100,000","900,000","1,000,000","1,000,000","800,000","800,000","700,000","800,000","900,000","800,000","1,000,000","1,000,000","700,000","1,000,000","1,000,000","800,000","900,000","900,000","1,100,000","900,000","900,000","800,000","700,000","700,000","700,000","600,000","500,000","400,000","500,000",,,,,
	OtherOperatingExpenses,,,,,,,,,,,,,,,,,,,,,,,,,,,,,,,,,,,,,,,,,,,,,,,,,,,,,,,,,,,,,,,,,,,,,,,,,,,"-451,000","44,131,000","-64,681,000",,,,,,,,,,,,,,,,,,,,,,,,,,,,,,,,,,,,,,,,,,,,,,,,,,,,
OperatingIncome,"2,779,000,000","875,723,000","1,055,712,000","-36,361,000","883,926,000","746,292,000","674,041,000","727,233,000","721,824,000","552,965,000","102,292,000","269,960,000","276,808,000","156,726,000","205,475,000","172,940,000","128,825,000","126,124,000","-70,366,000","56,230,000","280,841,000","39,864,000","-18,719,000","3,696,000","-13,643,000","-52,180,000","-68,200,000","-169,036,000","-175,257,000","-149,461,000","-101,360,000","-181,105,000","-210,200,000","4,096,000","-122,017,000","-56,157,000","-25,349,000","-77,282,000","-375,000","-10,176,000","92,009,000","224,894,000","321,088,000","-165,149,000","-159,139,000","-168,891,000","-198,722,000","-167,461,000","-159,502,000","-137,562,000","-147,459,000","-156,060,000","-151,698,000","-140,222,000","-129,743,000","-90,313,000","-98,106,000","-91,472,000","-112,913,000","-124,714,000","-83,574,000","-33,907,000","-60,712,000","-78,779,000","-51,989,000","-19,996,000","-40,917,000","-40,339,000","-40,486,000","-28,078,000","-34,028,000","-40,397,000","-34,730,000","-108,075,000","-42,857,000","-89,007,000","19,206,000","-33,664,000","-35,851,000","-24,026,000","-26,063,000","-13,163,000","-20,402,000","-17,448,000","-15,395,000","-14,401,000","-15,172,000","9,452,000","-18,561,000","2,100,000","-13,900,000","-10,400,000","-20,400,000","-12,300,000","-2,100,000","-9,600,000","-12,300,000","-6,500,000","-5,700,000","-1,200,000","-5,600,000","-5,500,000","-7,400,000","-8,300,000","-8,600,000","-2,300,000","-8,000,000","-10,300,000","-5,900,000","-8,400,000","-3,800,000","-5,400,000","-3,200,000","8,600,000","-2,900,000","-1,000,000","-3,500,000","-2,900,000","-2,600,000","-2,300,000","-2,100,000","-1,700,000","-1,400,000","-1,300,000","800,000","-5,800,000","600,000","600,000","500,000"
NetNonOperatingInterestIncomeExpense,"-56,600,000","-13,903,000","-14,139,000","-14,345,000","-14,213,000","-13,968,000","-10,756,000","-9,628,000","-1,560,000","-1,890,000","3,080,000","3,239,000","747,000","-4,773,000","-8,143,000","-10,106,000","-11,097,000","-12,547,000","-13,574,000","-14,664,000","-16,765,000","-20,439,000","-20,140,000","-20,155,000","-20,698,000","-20,654,000","-21,134,000","-21,111,000","-21,307,000","-21,177,000","-20,384,000","-15,585,000","-15,717,000",,,,"-3,500,000","-3,296,000","-4,041,000","-3,635,000","-3,741,000","-12,233,000","-6,982,000","-6,760,000","-10,599,000","-7,163,000","-3,458,000","-3,199,000","-3,500,000","-4,235,000","-1,332,000","-1,836,000","-779,000",,,,,,,,,,,,,,,,,,,,,,,,,,,,,,,,,,,,,,,,,,,,,,,,,,,,,,,,,,,,,,,,,,,,,,,,,,,,
	InterestIncomeNonOperating,"4,900,000","1,186,000","1,116,000","1,133,000","1,465,000","2,320,000","3,100,000","4,243,000","12,576,000","12,359,000","17,628,000","18,076,000","15,615,000",,,,,,,,,,,,,,,,,,,,,,,,"500,000","497,000","519,000","560,000","364,000","197,000","77,000","202,000","1,402,000","523,000","493,000","484,000","455,000","327,000","595,000","1,489,000","2,599,000",,,,,,,,,,,,,,,,,,,,,,,,,,,,,,,,,,,,,,,,,,,,,,,,,,,,,,,,,,,,,,,,,,,,,,,,,,,,
	InterestExpenseNonOperating,"61,500,000","15,089,000","15,255,000","15,478,000","15,678,000","16,288,000","13,856,000","13,871,000","14,136,000","14,249,000","14,548,000","14,837,000","14,868,000","4,773,000","8,143,000","10,106,000","11,097,000","12,547,000","13,574,000","14,664,000","16,765,000","20,439,000","20,140,000","20,155,000","20,698,000","20,654,000","21,134,000","21,111,000","21,307,000","21,177,000","20,384,000","15,585,000","15,717,000",,,,"4,000,000","3,793,000","4,560,000","4,195,000","4,105,000","12,430,000","7,059,000","6,962,000","12,001,000","7,686,000","3,951,000","3,683,000","3,955,000","4,562,000","1,927,000","3,325,000","3,378,000",,,,,,,,,,,,,,,,,,,,,,,,,,,,,,,,,,,,,,,,,,,,,,,,,,,,,,,,,,,,,,,,,,,,,,,,,,,,
	TotalOtherFinanceCost,,,,,,,,,,,,,,,,,,,,,,,,,,,,,,,,,,,,,,,,,,,,"6,760,000",,,,,,,,,,,,,,,,,,,,,,,,,,,,,,,,,,,,,,,,,,,,,,,,,,,,,,,,,,,,,,,,,,,,,,,,,,,,,,,,,,,,,
OtherIncomeExpense,"8,000,000","9,134,000","41,168,000","6,451,000","-48,753,000","156,299,000","82,586,000","107,165,000","-62,730,000","125,875,000","-34,706,000","53,939,000","42,610,000","-119,456,000","-60,821,000","53,757,000","96,914,000","-1,135,000","-333,230,000","-6,060,000","-10,543,000","881,000","-175,000","-1,562,000","3,724,000","-3,214,000","-3,152,000","-714,000","-1,841,000","-7,956,000","-44,833,000","38,001,000","-5,737,000","-321,619,000","-7,396,000","-7,354,000","-414,139,000","-194,000","-696,000","-594,000","-360,000","-1,860,000","-113,496,000","-2,961,000","-6,358,000","-4,338,000","-6,777,000","-29,346,000","-2,269,000","-16,847,000","-774,000","-13,401,000","-10,195,000","-1,641,000","-885,000","-1,168,000","-630,000","-276,000","-882,000","-906,000","-5,055,000","-1,756,000","5,347,000","-443,000","-767,000","14,542,000","-37,889,000","1,743,000","-1,914,000","4,964,000","-2,554,000","-1,837,000","-1,689,000","-62,081,000","-41,943,000",,"64,681,000","-14,000",,,,"-4,000,000","-16,123,000","-326,000",,"-157,000","-14,792,000","5,000","19,000","-100,000","-100,000","-300,000","3,100,000",,,,"4,000,000",,,,,"1,800,000","1,200,000","-14,000,000","1,300,000","1,600,000","1,200,000","1,400,000","1,300,000",,,,,"400,000","300,000","400,000","300,000","400,000","500,000","500,000","600,000","400,000","300,000","100,000",,,,,
	GainOnSaleOfSecurity,,,,,,,,,,,,,,,,,,,,,,,,,,,,,,,,,,,,,"-1,200,000",,,,,,,,,,,,,,,,,,,,,,,,,,,,,,,,,,,,,,,,,,,,,,,,,,,,,,,,,,,,,,,,,,,,,,,,,,,,,,,,,,,,,,,,,,,,
	EarningsFromEquityInterest,,,,,,,,,,,,,,,,,,,,,,,,,,,,,,,,,,,,,,,,,,,,,,,,,,,,,,,,,,,,,,,,,,,,,,,,,,,,,,,,,,,,"-326,000",,,,,,,,,,,,,,,,,,,,,,,,,,,,,,,,,,,,,,,,,,,,,
	SpecialIncomeCharges,"3,100,000","2,000,000","-1,200,000","-1,600,000","3,900,000","-500,000","-1,800,000","-9,200,000","-1,600,000","-1,500,000","-2,959,000","0","0","-29,004,000","174,000","-62,000","76,000","-387,000","-255,677,000","-3,523,000","-9,999,000","-224,000","-8,000","-343,000","-687,000","-1,524,000","-1,826,000","-2,128,000","3,272,000","-4,164,000","-40,843,000","270,000","-6,188,000","-278,258,000","-12,048,000","-776,000","-412,939,000","-194,000","-696,000","-594,000","-360,000","14,941,000","-113,496,000","-2,961,000","-6,358,000","36,891,000","-6,777,000","-29,346,000","-2,269,000","-15,000,000","-774,000","-13,401,000","-10,195,000","-1,641,000","-885,000","-1,168,000","-630,000","-276,000","-882,000","-906,000","-5,055,000","-1,756,000","5,347,000","-443,000","-767,000","14,542,000","-37,889,000","1,743,000","-1,914,000","4,964,000","-2,554,000","-1,837,000","-1,689,000","-62,081,000","-41,943,000",,"64,681,000","-14,000",,,,"-4,000,000","-16,123,000",,,"-157,000","-14,792,000","5,000","19,000","-100,000","-100,000","-300,000","3,100,000",,,,"4,000,000",,,,,"1,800,000","1,200,000","-14,000,000","1,300,000","1,600,000","1,200,000","1,400,000","1,300,000",,,,,"400,000","300,000","400,000","300,000","400,000","500,000","500,000","600,000","400,000","300,000","100,000",,,,,
		RestructuringAndMergernAcquisition,"-3,100,000","-2,000,000","1,200,000","1,600,000","-3,900,000","500,000","1,800,000","9,200,000","1,600,000","1,500,000","2,959,000","0","0","4,000","-174,000","62,000","-76,000","387,000","337,000","3,523,000","9,999,000","224,000","8,000","343,000","687,000","1,524,000","1,826,000","2,128,000","-3,272,000","4,164,000","40,843,000","-270,000","6,188,000","27,658,000","12,048,000","776,000","39,000","194,000","696,000","594,000","360,000","992,000","-419,000","741,000","760,000","-2,257,000","866,000","2,112,000","780,000","1,957,000","774,000","1,107,000","10,195,000","1,641,000","885,000","1,168,000","630,000","276,000","882,000","906,000","5,055,000","1,026,000","1,415,000","443,000","767,000","6,398,000","1,565,000","-1,743,000","1,914,000","12,358,000","1,561,000","1,837,000","1,818,000","1,400,000","42,394,000",,,,,,,"2,361,000","15,751,000",,,,,,,,,,,,,,,,,,,,,,,,,,,,,,,,,,,,,,,,,,,,,,
		ImpairmentOfCapitalAssets,,,,,,,,,,"0",,,,"29,000,000","0",,,"0","255,340,000",,,,,,,,,,,"0","0","0","0","250,600,000","0","0","412,900,000","0","0",,,"0","105,800,000",,,,,,,,,,,,,,,,,,,,,,,,,,,,,,,,,,,,,,,,,,,,,,,,,,,,,,,,,,,,,,,,,,,,,,,,,,,,,,,,,,,,,,
		OtherSpecialCharges,,,,,,,,,,,,,,,,,,,,,,,,,,,,,,,,,,,,,,,,,,,"8,115,000","2,220,000","5,598,000",,"5,911,000","27,234,000","1,489,000","5,843,000","1,332,000","12,294,000",,,,,,,,,,"730,000","-6,762,000",,,"-20,940,000","36,324,000",,,"-17,322,000","993,000",,"-129,000","60,681,000","-451,000",,,,,,,"1,639,000","372,000",,,,,,,,,,,,,,,,,,,,,,,,,,,,,,,,,,,,,,,,,,,,,,
	OtherNonOperatingIncomeExpenses,"4,900,000","7,134,000","42,368,000","8,051,000","-52,653,000","156,799,000","84,386,000","116,365,000","-61,130,000","127,375,000","-31,747,000","53,939,000","42,610,000","-90,452,000","-60,995,000","53,819,000","96,838,000","-748,000","-77,553,000","-2,537,000","-544,000","1,105,000","-167,000","-1,219,000","4,411,000","-1,690,000","-1,326,000","1,414,000","-5,113,000","-3,792,000","-3,990,000","37,731,000","451,000","-43,361,000","4,652,000","-6,578,000","-4,652,000",,,,,,,,,,,,,,,,,,,,,,,,,,,,,,,,,,,,,,,,,,,,,,,,,,,,,,,,,,,,,,,,,,,,,,,,,,,,,,,,,,,,,,,,,,,,
PretaxIncome,"2,730,400,000","870,954,000","1,082,741,000","-44,255,000","820,960,000","888,623,000","745,871,000","824,770,000","657,534,000","676,950,000","70,666,000","327,138,000","320,165,000","32,497,000","136,511,000","216,591,000","214,642,000","112,442,000","-417,170,000","35,506,000","253,533,000","20,306,000","-39,034,000","-18,021,000","-30,617,000","-76,048,000","-92,486,000","-190,861,000","-198,405,000","-178,594,000","-166,577,000","-158,689,000","-231,654,000","-340,253,000","-129,413,000","-63,511,000","-442,940,000","-80,772,000","-5,112,000","-14,405,000","87,908,000","210,801,000","200,610,000","-174,870,000",,,,,,,,,,,,"-91,321,000",,,,,,,,,,,,,,,,,,,,,,,"-33,452,000",,,,"-29,229,000","-12,107,000",,,,,,,,,,,,,,,,,,,,,,,,,,,,,,,,,,,,,,,,,,,,,
TaxProvision,"388,300,000","100,844,000","230,813,000","-111,179,000","167,822,000","284,433,000","78,437,000","-12,500,000","54,781,000","93,716,000","13,148,000","59,711,000","51,534,000","-1,492,599,000","8,055,000","10,341,000","-12,659,000","10,257,000","-125,903,000","4,337,000","3,985,000","-7,453,000","503,000","18,130,000","5,485,000","-1,379,000","1,330,000","30,131,000","299,000","2,043,000","3,419,000","693,000","803,000","-155,704,000","-751,000","-1,799,000","-130,313,000","-2,696,000","21,355,000","20,063,000","32,000","22,660,000","-27,842,000","24,448,000",,,,,,,,,,,,,,,,,,,,,,,,,,,,,,,,,,,,,,,,,,,,,,,,,,,,,,,,,,,,,,,,,,,,,,,,,,,,,,,,,,,,,
NetIncomeCommonStockholders,"2,342,100,000","770,110,000","851,928,000","66,924,000","653,138,000","604,190,000","667,434,000","837,270,000","602,753,000","583,234,000","57,518,000","267,427,000","268,631,000","1,550,187,000","128,732,000","207,296,000","210,164,000","100,594,000","-102,952,000","17,973,000","247,350,000","32,945,000","-38,841,000","-64,525,000","-41,631,000","-73,731,000","-95,149,000","-188,848,000","-198,606,000","-176,656,000","-170,060,000","-159,382,000","-232,457,000","44,285,000","-124,132,000","-57,165,000","-308,016,000","-76,148,000","-57,543,000","-64,931,000","91,590,000","158,629,000","221,110,000","-174,069,000","-176,096,000","-180,392,000","-208,957,000","-200,006,000","-165,271,000","-158,644,000","-149,565,000","-171,297,000","-162,672,000","-142,332,000","-130,044,000","-91,321,000","-96,154,000","-85,751,000","-107,033,000","-117,767,000","-80,728,000","-27,344,000","-51,802,000","-77,658,000","-50,087,000","-38,131,000","-79,578,000","-40,988,000","-44,720,000","-42,769,000","-38,771,000","-44,269,000","-40,438,000","-41,029,000","-86,421,000","-45,797,000","20,611,000","-32,083,000","-33,452,000","-21,019,000","-22,067,000","-3,260,000","-46,978,000","-12,107,000","-8,870,000","-11,254,000","-24,858,000","12,613,000","-16,159,000","1,700,000","-14,300,000","-10,800,000","-17,600,000","-12,600,000","-2,300,000","-9,800,000","-8,400,000","-6,800,000","-5,900,000","-1,400,000","-5,800,000","-3,900,000","-6,300,000","-22,300,000","-7,500,000","-800,000","-6,900,000","-9,000,000","-4,700,000","-4,900,000","-3,900,000","-5,500,000","-3,200,000","8,700,000","-2,700,000","-800,000","-3,300,000","-2,700,000","-2,200,000","-1,900,000","-1,600,000","-1,300,000","-1,200,000","-1,400,000",,,,,
	NetIncome,"2,342,100,000","770,110,000","851,928,000","66,924,000","653,138,000","604,190,000","667,434,000","837,270,000","602,753,000","583,234,000","57,518,000","267,427,000","268,631,000","1,550,527,000","128,746,000","207,360,000","210,263,000","100,684,000","-102,952,000","17,996,000","247,756,000","32,945,000","-38,841,000","-64,525,000","-41,631,000","-73,731,000","-95,149,000","-188,848,000","-198,606,000","-176,656,000","-170,060,000","-159,382,000","-232,457,000","44,285,000","-124,132,000","-57,165,000","-308,016,000","-76,148,000","-57,543,000","-64,931,000","91,590,000","158,629,000","221,110,000","-174,069,000","-176,096,000","-180,392,000","-208,957,000","-200,006,000","-165,271,000","-158,644,000","-149,565,000","-171,297,000","-162,672,000","-142,332,000","-130,044,000","-91,321,000","-96,154,000","-85,751,000","-107,033,000","-117,767,000","-80,728,000","-27,344,000","-51,802,000","-77,658,000","-50,087,000","-38,131,000","-79,578,000","-40,988,000","-44,720,000","-42,769,000","-38,771,000","-44,269,000","-40,438,000","-41,029,000","-86,421,000","-45,797,000","20,611,000","-32,083,000","-33,452,000","-21,019,000","-22,067,000","-3,260,000","-46,978,000","-12,107,000","-8,870,000","-11,254,000","-24,858,000","12,613,000","-16,159,000","1,700,000","-14,300,000","-10,800,000","-17,600,000","-12,600,000","-2,300,000","-9,800,000","-8,400,000","-6,800,000","-5,900,000","-1,400,000","-5,800,000","-3,900,000","-6,300,000","-22,300,000","-7,500,000","-800,000","-6,900,000","-9,000,000","-4,700,000","-4,900,000","-3,900,000","-5,500,000","-3,200,000","8,700,000","-2,700,000","-800,000","-3,300,000","-2,700,000","-2,200,000","-1,900,000","-1,600,000","-1,300,000","-1,200,000","-1,400,000",,,,,
		NetIncomeIncludingNoncontrollingInterests,"2,342,100,000","770,110,000","851,928,000","66,924,000","653,138,000","604,190,000","667,434,000","837,270,000","602,753,000","583,234,000","57,518,000","267,427,000","268,631,000","1,525,096,000","128,456,000","206,250,000","227,301,000","102,185,000","-291,267,000","31,169,000","249,548,000","27,759,000","-39,537,000","-36,151,000","-36,102,000","-74,669,000","-93,816,000","-220,992,000","-198,704,000","-180,846,000","-170,060,000","-159,382,000","-232,457,000","-184,549,000","-128,662,000","-61,712,000","-312,627,000","-78,076,000","-26,467,000","-34,468,000","87,876,000","188,141,000","228,452,000","-199,318,000","-176,096,000","-180,392,000","-208,957,000","-200,006,000","-165,271,000","-158,644,000","-149,565,000","-171,297,000","-162,672,000","-142,332,000","-130,044,000","-91,321,000","-96,154,000","-85,751,000","-107,033,000","-117,767,000","-80,728,000","-27,344,000","-51,802,000","-77,658,000","-50,087,000","-38,131,000","-79,578,000","-40,988,000","-44,720,000","-42,769,000","-38,771,000","-44,269,000","-40,438,000","-41,029,000","-86,421,000","-45,797,000","20,611,000","-32,083,000","-33,452,000","-21,019,000","-22,067,000","-3,260,000","-46,978,000","-12,107,000","-8,870,000","-11,254,000","-24,858,000","12,613,000","-16,159,000","1,700,000","-14,300,000","-10,800,000","-17,600,000","-12,600,000","-2,300,000","-9,800,000","-8,400,000","-6,800,000","-5,900,000","-1,400,000","-5,800,000","-3,900,000","-6,300,000","-22,300,000","-7,500,000","-800,000","-6,900,000","-9,000,000","-4,700,000","-4,900,000","-3,900,000","-5,500,000","-3,200,000","8,700,000","-2,700,000","-800,000","-3,300,000","-2,700,000","-2,200,000","-1,900,000","-1,600,000","-1,300,000","-1,200,000","-1,400,000","-1,200,000","-1,100,000","-1,100,000","-1,100,000","-1,000,000"
			NetIncomeContinuousOperations,"2,342,100,000","770,110,000","851,928,000","66,924,000","653,138,000","604,190,000","667,434,000","837,270,000","602,753,000","583,234,000","57,518,000","267,427,000","268,631,000","1,525,096,000","128,456,000","206,250,000","227,301,000","102,185,000","-291,267,000","31,169,000","249,548,000","27,759,000","-39,537,000","-36,151,000","-36,102,000","-74,669,000","-93,816,000","-220,992,000","-198,704,000","-180,637,000","-169,996,000","-159,382,000","-232,457,000","-184,549,000","-128,662,000","-61,712,000","-312,627,000","-78,076,000","-26,467,000","-34,468,000","87,876,000","188,141,000","228,452,000","-199,318,000","-176,096,000","-180,392,000","-208,957,000","-200,006,000","-165,271,000","-158,644,000","-149,565,000","-171,297,000","-162,672,000","-142,332,000","-130,044,000","-91,321,000","-96,154,000","-85,751,000","-107,033,000","-117,767,000","-80,728,000","-27,344,000","-51,802,000","-77,658,000","-51,133,000","-38,131,000","-79,578,000","-40,988,000","-44,720,000","-42,769,000","-38,771,000","-44,269,000","-40,438,000","-110,675,000","-86,421,000","-45,797,000","20,611,000","-32,083,000","-33,452,000","-21,019,000","-22,067,000","-13,600,000","-29,229,000","-12,107,000","-8,870,000","-8,093,000","-24,858,000","12,613,000","-16,159,000","1,700,000","-14,300,000","-10,800,000","-17,600,000","-12,600,000","-2,300,000","-9,800,000","-8,400,000","-6,800,000","-5,900,000","-1,400,000","-5,800,000","-3,900,000","-6,300,000","-22,300,000","-7,500,000","-800,000","-6,900,000","-9,000,000","-4,700,000","-4,900,000","-3,900,000","-5,500,000","-3,200,000","8,700,000","-2,700,000","-800,000","-3,300,000","-2,700,000","-2,200,000","-1,900,000","-1,600,000","-1,300,000","-1,200,000","-1,400,000","-1,200,000","-1,100,000","-1,100,000","-1,100,000","-1,000,000"
			NetIncomeDiscontinuousOperations,,,,,,,,,,,,,,,,,,,,,,,,,,"0","0","0","0","-209,000","-64,000",,,,,,,,,,,,,,,,,,,,,,,,,,,,,,,,,,,,,,,,,,,,,,,,,,,,,,,,,,,,,,,,,,,,,,,,,,,,,,,,,,,,,,,,,,,,,,,,,,
			NetIncomeExtraordinary,,,,,,,,,,,,,,,,,,,,,,,,,,,,,,,,,,,,,,,,,,,,,,,,,,,,,,,,,,,,,,"0",,,"1,046,000",,,,,,,,,,,,,,,,,"0","-17,749,000",,,,,,,,,,,,,,,,,,,,,,,,,,,,,,,,,,,,,,,,,,,,,,
		MinorityInterests,,,,,,,,,,"0","0","0","0","25,431,000","290,000","1,110,000","-17,038,000","-1,501,000","188,315,000","-13,173,000","-1,792,000","5,186,000","696,000","-28,374,000","-5,529,000","938,000","-1,333,000","32,144,000","98,000","4,190,000","0","0","0","228,834,000","4,530,000","4,547,000","4,611,000","1,928,000","-31,076,000","-30,463,000","3,714,000","-29,512,000","-7,342,000","25,249,000",,,,,,,,,,,,,,,,,,,,,,,,,,,,,,,,,,,,,,,,,,,,,,,,,,,,,,,,,,,,,,,,,,,,,,,,,,,,,,,,,,,,,
	OtherunderPreferredStockDividend,,,,,,,,,,"0","0","0","0","340,000","14,000","64,000","99,000","90,000","0","23,000","406,000",,,,,,,,,,,,,,,"0","0",,,,,,,,,,,,,,,,,,,,,,,,,,,,,,,,,,,,,,,,,,,,,,,,,,,,,,,,,,,,,,,,,,,,,,,,,,,,,,,,,,,,,,,,,,,,
AverageDilutionEarnings,,,,,,,,,,"0","0","0","0","6,000","1,000","0","2,000","2,000","0","0","5,000",,,,,,,,,,,,,,,"0","0",,,,,,,,,,,,,,,,,,,,,,,,,,,,,,,,,,,,,,,,,,,,,,,,,,,,,,,,,,,,,,,,,,,,,,,,,,,,,,,,,,,,,,,,,,,,
DilutedNIAvailtoComStockholders,"2,342,100,000","770,110,000","851,928,000","66,924,000","653,138,000","604,190,000","667,434,000","837,270,000","602,753,000","583,234,000","57,518,000","267,427,000","268,631,000","1,550,193,000","128,733,000","207,296,000","210,166,000","100,596,000","-102,952,000","17,973,000","247,355,000","32,945,000","-38,841,000","-64,525,000","-41,631,000","-73,731,000","-95,149,000","-188,848,000","-198,606,000","-176,656,000","-170,060,000","-159,382,000","-232,457,000","44,285,000","-124,132,000","-57,165,000","-308,016,000","-76,148,000","-57,543,000","-64,931,000","91,590,000","158,629,000","221,110,000","-174,069,000","-176,096,000","-180,392,000","-208,957,000","-200,006,000","-165,271,000","-158,644,000","-149,565,000","-171,297,000","-162,672,000","-142,332,000","-130,044,000","-91,321,000","-96,154,000","-85,751,000","-107,033,000","-117,767,000","-80,728,000","-27,344,000","-51,802,000","-77,658,000","-50,087,000","-38,131,000","-79,578,000","-40,988,000","-44,720,000","-42,769,000","-38,771,000","-44,269,000","-40,438,000","-41,029,000","-86,421,000","-45,797,000","20,611,000","-32,083,000","-33,452,000","-21,019,000","-22,067,000","-3,260,000","-46,978,000","-12,107,000","-8,870,000","-11,254,000","-24,858,000","12,613,000","-16,159,000","1,700,000","-14,300,000","-10,800,000","-17,600,000","-12,600,000","-2,300,000","-9,800,000","-8,400,000","-6,800,000","-5,900,000","-1,400,000","-5,800,000","-3,900,000","-6,300,000","-22,300,000","-7,500,000","-800,000","-6,900,000","-9,000,000","-4,700,000","-4,900,000","-3,900,000","-5,500,000","-3,200,000","8,700,000","-2,700,000","-800,000","-3,300,000","-2,700,000","-2,200,000","-1,900,000","-1,600,000","-1,300,000","-1,200,000","-1,400,000",,,,,
BasicEPS,,"3.02","3.3","0.26","2.52","2.32","2.56","3.22","2.32","2.26","0.22","1.04","1.05","6.08","0.51","0.82","0.83","0.4","-0.41","0.07","1.01","0.13","-0.17","-0.26","-0.17","-0.31","-0.39","-0.78","-0.83","-0.74","-0.72","-0.68","-1","0.19","-0.54","-0.26","-1.43","-0.35","-0.27","-0.31","0.44",,"1.06","-0.85","-0.87",,"-1.04","-1","-0.83",,"-0.84","-0.99","-1.04",,"-0.93","-0.66","-0.72",,"-0.82","-0.91","-0.64",,"-0.46","-0.72","-0.47",,"-0.84","-0.5","-0.56",,"-0.49","-0.56","-0.52",,"-1.12","-1.17","0.27",,"-0.44","-0.28","-0.29",,"-0.15","-0.2","-0.15",,"-0.46","0.24","-0.31",,"-0.28","-0.22","-0.35",,"-0.05","-0.2","-0.17",,"-0.12","-0.03","-0.13",,"-0.17","-0.64","-0.22",,"-0.2","-0.26","-0.14",,"-0.12","-0.18","-0.11",,"-0.11","-0.03","-0.14",,"-0.09","-0.08","-0.07",,"-0.07","-0.11","-0.09",,"-0.08","-0.08","-0.08"
DilutedEPS,,"3","3.28","0.26","2.49","2.3","2.53","3.18","2.29","2.23","0.22","1.03","1.03","5.97","0.5","0.8","0.81","0.39","-0.41","0.07","0.99","0.13","-0.17","-0.26","-0.17","-0.31","-0.39","-0.78","-0.83","-0.74","-0.72","-0.68","-1","0.19","-0.54","-0.26","-1.43","-0.35","-0.27","-0.31","0.43",,"1.02","-0.85","-0.87",,"-1.04","-1","-0.83",,"-0.84","-0.99","-1.04",,"-0.93","-0.66","-0.72",,"-0.82","-0.91","-0.64",,"-0.46","-0.72","-0.47",,"-0.84","-0.5","-0.56",,"-0.49","-0.56","-0.52",,"-1.12","-1.17","0.27",,"-0.44","-0.28","-0.29",,"-0.15","-0.2","-0.15",,"-0.46","0.21","-0.31",,"-0.28","-0.22","-0.35",,"-0.05","-0.2","-0.17",,"-0.12","-0.03","-0.13",,"-0.17","-0.64","-0.22",,"-0.2","-0.26","-0.14",,"-0.12","-0.18","-0.11",,"-0.11","-0.03","-0.14",,"-0.09","-0.08","-0.07",,"-0.07","-0.11","-0.09",,"-0.08","-0.08","-0.08"
BasicAverageShares,,"254,600,000","257,876,000","258,988,000","259,369,000","260,038,000","260,392,000","259,637,000","259,815,000","258,003,000","256,946,000","256,154,000","255,695,000","254,868,000","254,905,000","254,135,000","253,231,000","251,557,000","250,268,000","247,521,000","246,024,000","245,454,000","244,920,000","244,482,000","243,831,000","242,987,000","241,969,000","240,757,000","239,493,000","238,272,000","236,137,000","233,808,000","232,887,000","231,264,000","230,505,000","222,053,000","215,421,000","214,607,000","213,767,000","211,344,000","208,018,000",,"206,002,000","204,413,000","202,329,000",,"200,887,000","200,397,000","198,935,000",,"178,735,000","172,563,000","155,860,000",,"140,109,000","138,725,000","134,471,000",,"130,006,000","129,269,000","125,756,000",,"112,803,000","108,523,000","107,440,000",,"94,590,000","82,274,000","79,428,000",,"78,742,000","78,807,000","78,094,000",,"77,067,000","76,764,000","76,411,000",,"75,979,000","75,660,000","75,161,000",,"74,682,000","60,337,000","60,011,000",,"53,843,000","52,636,000","51,928,000",,"51,071,429","49,090,909","50,285,714",,"46,000,000","49,000,000","49,411,765",,"49,166,667","46,666,667","44,615,385",,"37,058,824","34,843,750","34,090,909",,"34,500,000","34,615,385","33,571,429",,"32,500,000","30,555,556","29,090,909",,"24,545,455","26,666,667","23,571,429",,"24,444,444","23,750,000","22,857,143",,"17,142,857","19,676,000","19,676,000",,,,
DilutedAverageShares,,"257,000,000","259,707,000","261,020,000","261,916,000","263,106,000","264,079,000","263,403,000","263,515,000","262,108,000","260,473,000","259,822,000","260,175,000","259,812,000","259,788,000","258,584,000","258,526,000","256,804,000","250,268,000","251,635,000","248,700,000","247,757,000","244,920,000","244,482,000","243,831,000","242,987,000","241,969,000","240,757,000","239,493,000","238,272,000","236,137,000","233,808,000","232,887,000","235,717,000","230,505,000","222,053,000","215,421,000","214,607,000","213,767,000","211,344,000","219,264,000",,"219,349,000","204,413,000","202,329,000",,"200,887,000","200,397,000","198,935,000",,"178,735,000","172,563,000","155,860,000",,"140,109,000","138,725,000","134,471,000",,"130,006,000","129,269,000","125,756,000",,"112,803,000","108,523,000","107,440,000",,"94,590,000","82,274,000","79,428,000",,"78,742,000","78,807,000","78,094,000",,"77,067,000","76,764,000","76,411,000",,"75,979,000","75,660,000","75,161,000",,"74,682,000","60,337,000","60,011,000",,"53,843,000","58,946,000","51,928,000",,"51,071,429","49,090,909","50,285,714",,"46,000,000","49,000,000","49,411,765",,"49,166,667","46,666,667","44,615,385",,"37,058,824","34,843,750","34,090,909",,"34,500,000","34,615,385","33,571,429",,"32,500,000","30,555,556","29,090,909",,"24,545,455","26,666,667","23,571,429",,"24,444,444","23,750,000","22,857,143",,"17,142,857","19,676,000","19,676,000",,,,
TotalOperatingIncomeAsReported,"2,782,100,000","877,723,000","1,054,512,000","-37,961,000","887,826,000","745,792,000","672,241,000","718,033,000","720,224,000","551,465,000","99,333,000","269,960,000","276,808,000","127,722,000","205,649,000","172,878,000","128,901,000","125,737,000","-326,043,000","52,707,000","270,842,000","39,640,000","-18,727,000","3,353,000","-14,330,000","-53,704,000","-70,026,000","-171,164,000","-171,985,000","-153,625,000","-142,203,000","-180,835,000","-216,388,000","-274,162,000","-134,065,000","-56,933,000","-438,288,000","-77,476,000","-1,071,000","-10,770,000","91,649,000","223,902,000","215,707,000","-165,890,000","-159,899,000","-166,634,000","-199,588,000","-169,573,000","-160,282,000","-146,719,000","-148,233,000","-157,167,000","-161,893,000","-141,863,000","-130,628,000","-91,481,000","-98,736,000","-91,748,000","-113,795,000","-125,620,000","-88,629,000","-34,933,000","-62,127,000","-79,222,000","-52,756,000","-26,394,000","-42,482,000","-38,596,000","-42,400,000","-40,436,000","-35,589,000","-42,234,000","-36,548,000","-109,475,000","-85,251,000","-89,007,000","19,206,000","-33,664,000","-35,851,000","-24,026,000","-26,063,000","-15,524,000","-36,153,000","-17,448,000","-15,395,000","-14,401,000","-15,172,000","9,452,000","-18,561,000","2,100,000","-13,900,000","-10,400,000","-20,400,000","-12,300,000","-2,100,000","-9,600,000","-12,300,000","-6,500,000","-5,700,000","-1,200,000","-5,600,000","-5,500,000","-7,400,000","-8,300,000","-8,600,000","-2,300,000","-8,000,000","-10,300,000","-5,900,000","-8,400,000","-3,800,000","-5,400,000","-3,200,000","8,600,000","-2,900,000","-1,000,000","-3,500,000","-2,900,000","-2,600,000","-2,300,000","-2,100,000","-1,700,000","-1,400,000","-1,300,000",,,,,
TotalExpenses,"4,795,400,000","1,196,838,000","928,452,000","1,829,731,000","840,379,000","881,528,000","864,230,000","797,252,000","793,283,000","860,300,000","847,536,000","671,333,000","581,627,000","713,380,000","579,060,000","579,217,000","511,974,000","525,510,000","648,531,000","487,905,000","433,877,000","418,842,000","432,502,000","427,912,000","411,723,000","470,115,000","378,016,000","335,112,000","313,766,000","294,017,000","280,347,000","319,526,000","328,651,000","347,061,000","343,717,000","366,907,000","353,717,000","411,276,000","336,381,000","428,481,000","346,728,000","338,446,000","338,112,000","279,573,000","232,801,000","234,415,000","222,517,000","199,083,000","181,931,000","171,451,000","172,416,000","175,124,000","175,677,000","173,033,000","161,352,000","159,722,000","139,781,000","142,464,000","153,927,000","162,910,000","152,384,000","128,161,000","114,001,000","108,505,000","91,076,000","83,752,000","77,124,000","72,660,000","69,092,000","67,913,000","60,856,000","58,938,000","52,243,000","118,679,000","61,209,000","106,583,000","3,403,000","77,448,000","70,127,000","66,356,000","66,758,000","64,688,000","60,770,000","38,891,000","34,452,000","34,105,000","29,038,000","27,582,000","26,084,000","27,500,000","23,500,000","25,700,000","24,400,000","24,000,000","20,500,000","16,800,000","15,500,000","17,700,000","19,200,000","13,400,000","12,500,000","10,300,000","10,300,000","11,400,000","11,100,000","10,500,000","10,300,000","16,800,000","11,000,000","11,100,000","10,300,000","10,200,000","8,800,000","9,400,000","7,300,000","5,600,000","4,400,000","3,900,000","3,600,000","3,300,000","3,000,000","2,500,000","2,200,000","2,100,000",,,,,
NetIncomeFromContinuingAndDiscontinuedOperation,"2,342,100,000","770,110,000","851,928,000","66,924,000","653,138,000","604,190,000","667,434,000","837,270,000","602,753,000","583,234,000","57,518,000","267,427,000","268,631,000","1,550,527,000","128,746,000","207,360,000","210,263,000","100,684,000","-102,952,000","17,996,000","247,756,000","32,945,000","-38,841,000","-64,525,000","-41,631,000","-73,731,000","-95,149,000","-188,848,000","-198,606,000","-176,656,000","-170,060,000","-159,382,000","-232,457,000","44,285,000","-124,132,000","-57,165,000","-308,016,000","-76,148,000","-57,543,000","-64,931,000","91,590,000","158,629,000","221,110,000","-174,069,000","-176,096,000","-180,392,000","-208,957,000","-200,006,000","-165,271,000","-158,644,000","-149,565,000","-171,297,000","-162,672,000","-142,332,000","-130,044,000","-91,321,000","-96,154,000","-85,751,000","-107,033,000","-117,767,000","-80,728,000","-27,344,000","-51,802,000","-77,658,000","-51,133,000","-38,131,000","-79,578,000","-40,988,000","-44,720,000","-42,769,000","-38,771,000","-44,269,000","-40,438,000","-41,029,000","-86,421,000","-45,797,000","20,611,000","-32,083,000","-33,452,000","-21,019,000","-22,067,000","-13,600,000","-29,229,000","-12,107,000","-8,870,000","-8,093,000","-24,858,000","12,613,000","-16,159,000","1,700,000","-14,300,000","-10,800,000","-17,600,000","-12,600,000","-2,300,000","-9,800,000","-8,400,000","-6,800,000","-5,900,000","-1,400,000","-5,800,000","-3,900,000","-6,300,000","-22,300,000","-7,500,000","-800,000","-6,900,000","-9,000,000","-4,700,000","-4,900,000","-3,900,000","-5,500,000","-3,200,000","8,700,000","-2,700,000","-800,000","-3,300,000","-2,700,000","-2,200,000","-1,900,000","-1,600,000","-1,300,000","-1,200,000","-1,400,000",,,,,
NormalizedIncome,"2,339,434,000","768,341,571.357","852,876,000","68,092,000","650,018,000","604,529,958.565","669,044,709.09","843,986,000","604,219,699.517","584,526,342.123","59,926,453.316","267,427,000","268,631,000","1,571,699,920","128,582,267.085","207,419,039.849","210,207,520","101,035,697.72","75,561,010.904","21,088,671.295","257,597,836.968","33,079,400","-38,836,200","-64,319,200","-41,218,800","-72,234,635.125","-94,053,400","-187,571,200","-200,569,200","-173,740,400","-143,448,050","-159,557,500","-228,434,800","225,152,700","-112,153,916.067","-56,410,980.822","-15,716,742.419","-75,960,475.313","-57,090,600","-64,544,900","91,949,868.954","160,289,059.772","294,882,400","-172,144,350","-171,963,300","-177,572,300","-204,551,950","-180,931,100","-163,796,150","-147,693,450","-149,061,900","-162,586,350","-156,045,250","-141,265,350","-129,468,750","-90,153,000","-95,744,500","-85,571,600","-106,459,700","-117,178,100","-77,442,250","-26,290,400","-55,010,200","-77,392,200","-50,672,800","-46,856,200","-56,844,600","-42,033,800","-43,571,600","-45,747,400","-37,238,600","-43,166,800","-39,424,600","-73,426,400","-61,255,200","-45,797,000","-18,197,600","-32,074,600","-33,452,000","-21,019,000","-22,067,000","-11,200,000","-13,106,000","-12,107,000","-8,870,000","-7,998,800","-15,982,800","12,610,000","-16,170,400","1,760,000","-14,240,000","-10,620,000","-19,460,000","-12,600,000","-2,300,000","-9,800,000","-10,800,000","-6,800,000","-5,900,000","-1,400,000","-5,800,000","-4,980,000","-7,020,000","-13,900,000","-8,280,000","-1,760,000","-7,620,000","-9,840,000","-5,480,000","-4,900,000","-3,900,000","-5,500,000","-3,200,000","8,460,000","-2,880,000","-1,040,000","-3,480,000","-2,940,000","-2,500,000","-2,200,000","-1,960,000","-1,540,000","-1,380,000","-1,460,000",,,,,
InterestIncome,"4,900,000","1,186,000","1,116,000","1,133,000","1,465,000","2,320,000","3,100,000","4,243,000","12,576,000","12,359,000","17,628,000","18,076,000","15,615,000",,,,,,,,,,,,,,,,,,,,,,,,"500,000","497,000","519,000","560,000","364,000","197,000","77,000","202,000","1,402,000","523,000","493,000","484,000","455,000","327,000","595,000","1,489,000","2,599,000",,,,,,,,,,,,,,,,,,,,,,,,,,,,,,,,,,,,,,,,,,,,,,,,,,,,,,,,,,,,,,,,,,,,,,,,,,,,
InterestExpense,"61,500,000","15,089,000","15,255,000","15,478,000","15,678,000","16,288,000","13,856,000","13,871,000","14,136,000","14,249,000","14,548,000","14,837,000","14,868,000","4,773,000","8,143,000","10,106,000","11,097,000","12,547,000","13,574,000","14,664,000","16,765,000","20,439,000","20,140,000","20,155,000","20,698,000","20,654,000","21,134,000","21,111,000","21,307,000","21,177,000","20,384,000","15,585,000","15,717,000",,,,"4,000,000","3,793,000","4,560,000","4,195,000","4,105,000","12,430,000","7,059,000","6,962,000","12,001,000","7,686,000","3,951,000","3,683,000","3,955,000","4,562,000","1,927,000","3,325,000","3,378,000",,,,,,,,,,,,,,,,,,,,,,,,,,,,,,,,,,,,,,,,,,,,,,,,,,,,,,,,,,,,,,,,,,,,,,,,,,,,
NetInterestIncome,"-56,600,000","-13,903,000","-14,139,000","-14,345,000","-14,213,000","-13,968,000","-10,756,000","-9,628,000","-1,560,000","-1,890,000","3,080,000","3,239,000","747,000","-4,773,000","-8,143,000","-10,106,000","-11,097,000","-12,547,000","-13,574,000","-14,664,000","-16,765,000","-20,439,000","-20,140,000","-20,155,000","-20,698,000","-20,654,000","-21,134,000","-21,111,000","-21,307,000","-21,177,000","-20,384,000","-15,585,000","-15,717,000",,,,"-3,500,000","-3,296,000","-4,041,000","-3,635,000","-3,741,000","-12,233,000","-6,982,000","-6,760,000","-10,599,000","-7,163,000","-3,458,000","-3,199,000","-3,500,000","-4,235,000","-1,332,000","-1,836,000","-779,000",,,,,,,,,,,,,,,,,,,,,,,,,,,,,,,,,,,,,,,,,,,,,,,,,,,,,,,,,,,,,,,,,,,,,,,,,,,,
EBIT,"2,791,900,000","886,043,000","1,097,996,000","-28,777,000","836,638,000","904,911,000","759,727,000","838,641,000","671,670,000","691,199,000","85,214,000","341,975,000","335,033,000","37,270,000","144,654,000","226,697,000","225,739,000","124,989,000","-403,596,000","50,170,000","270,298,000","40,745,000","-18,894,000","2,134,000","-9,919,000","-55,394,000","-71,352,000","-169,750,000","-177,098,000","-157,417,000","-146,193,000","-143,104,000","-215,937,000","-749,864,000","-122,017,000","-56,157,000","-438,940,000","-76,979,000","-552,000","-10,210,000","92,013,000","223,231,000","207,669,000","-167,908,000","-159,139,000","-209,666,000","-198,722,000","-167,461,000","-159,502,000","-137,562,000","-147,459,000","-156,060,000","-151,698,000","-140,222,000","-129,743,000","-90,313,000","-98,106,000","-91,472,000","-112,913,000","-124,714,000","-83,574,000","-33,907,000","-60,712,000","-78,779,000","-51,989,000","-19,996,000","-40,917,000","-40,339,000","-40,486,000","-28,078,000","-34,028,000","-40,397,000","-34,730,000","-108,075,000","-42,857,000","-89,007,000","19,206,000","-33,664,000","-35,851,000","-24,026,000","-26,063,000","-13,163,000","-20,402,000","-17,448,000","-15,395,000","-14,401,000","-15,172,000","9,452,000","-18,561,000","2,100,000","-13,900,000","-10,400,000","-20,400,000","-12,300,000","-2,100,000","-9,600,000","-12,300,000","-6,500,000","-5,700,000","-1,200,000","-5,600,000","-5,500,000","-7,400,000","-8,300,000","-8,600,000","-2,300,000","-8,000,000","-10,300,000","-5,900,000","-8,400,000","-3,800,000","-5,400,000","-3,200,000","8,600,000","-2,900,000","-1,000,000","-3,500,000","-2,900,000","-2,600,000","-2,300,000","-2,100,000","-1,700,000","-1,400,000","-1,300,000","800,000","-5,800,000","600,000","600,000","500,000"
EBITDA,"2,917,500,000"
ReconciledCostOfRevenue,"904,200,000","247,387,000","236,512,000","227,972,000","192,329,000","203,101,000","186,182,000","184,520,000","162,497,000","185,012,000","131,914,000","135,740,000","95,092,000","122,289,000","111,255,000","104,382,000","71,613,000","84,052,000","72,874,000","71,205,000","46,988,000","60,482,000","54,077,000","45,252,000","50,649,000","63,385,000","31,960,000","16,860,000","12,307,000","14,027,000","14,184,000","17,300,000","15,476,000","22,264,000","27,339,000","37,931,000","42,743,000","87,715,000","38,536,000","114,423,000","39,211,000","30,127,000","38,406,000","9,306,000","2,666,000","3,049,000","3,228,000","3,086,000","3,367,000","3,647,000","3,712,000","3,267,000","3,576,000","4,215,000","4,194,000","3,701,000","3,576,000","3,672,000","3,562,000","3,401,000","3,269,000","3,177,000","3,113,000","2,885,000","2,995,000","2,783,000","2,796,000","2,489,000","2,030,000","2,009,000","1,466,000","1,328,000","846,000","-4,230,000","1,651,000","1,538,000","3,515,000","6,601,000","6,577,000","6,462,000","8,641,000","9,670,000","10,663,000","921,000","837,000","7,362,000","-1,167,000","-1,010,000","-1,103,000","-1,000,000","-1,000,000","-200,000","-1,200,000","-1,400,000","-1,100,000","-1,100,000","-900,000","-1,000,000","-1,000,000","-800,000","-800,000","-700,000","-800,000","-900,000","-800,000","-1,000,000","-1,000,000","-700,000","-1,000,000","-1,000,000","-800,000","-900,000","-900,000","-1,100,000","-900,000","-900,000","-800,000","-700,000","-700,000","1,900,000","-600,000","-500,000","-400,000","-500,000",,,,,
ReconciledDepreciation,"125,600,000","33,832,000","31,696,000","31,238,000","28,834,000","29,355,000","26,642,000","26,697,000","26,821,000","26,256,000","25,847,000","27,698,000","27,140,000","18,826,000","19,192,000","18,059,000","16,343,000","16,432,000","15,225,000","14,890,000","14,850,000","15,451,000","14,569,000","14,963,000","16,415,000","15,747,000","16,168,000","14,065,000","16,363,000","16,336,000","16,961,000","14,172,000","15,788,000","17,631,000","9,489,000","10,554,000","10,691,000","12,373,000","8,593,000","8,665,000","8,560,000","9,724,000","7,750,000","8,709,000","8,858,000","8,205,000","6,758,000","7,912,000","7,584,000","8,383,000","6,815,000","7,745,000","7,164,000","8,575,000","7,953,000","8,170,000","7,498,000","7,451,000","6,835,000","6,852,000","6,321,000","6,875,000","5,934,000","6,809,000","6,250,000","6,889,000","7,029,000","6,531,000","6,840,000","8,023,000","7,208,000","7,284,000","7,125,000","5,821,000","2,906,000","7,462,000","7,249,000","7,297,000","6,572,000","6,281,000","5,282,000","5,724,000","6,658,000","3,059,000","2,523,000","2,696,000","2,314,000","2,110,000","1,975,000","2,000,000","1,700,000","1,400,000","1,200,000","1,400,000","1,100,000","1,100,000","900,000","1,000,000","1,000,000","800,000","800,000","700,000","800,000","900,000","800,000","1,000,000","1,000,000","700,000","1,000,000","1,000,000","700,000","900,000","900,000","1,100,000","900,000","1,100,000","800,000","700,000","700,000","800,000","600,000","500,000","400,000","500,000",,,,,
NetIncomeFromContinuingOperationNetMinorityInterest,"2,342,100,000","770,110,000","851,928,000","66,924,000","653,138,000","604,190,000","667,434,000","837,270,000","602,753,000","583,234,000","57,518,000","267,427,000","268,631,000","1,550,527,000","128,746,000","207,360,000","210,263,000","100,684,000","-102,952,000","17,996,000","247,756,000","32,945,000","-38,841,000","-64,525,000","-41,631,000","-73,731,000","-95,149,000","-188,848,000","-198,606,000","-176,447,000","-169,996,000","-159,382,000","-232,457,000","44,285,000","-124,132,000","-57,165,000","-308,016,000","-76,148,000","-57,543,000","-64,931,000","91,590,000","158,629,000","221,110,000","-174,069,000","-176,096,000","-180,392,000","-208,957,000","-200,006,000","-165,271,000","-158,644,000","-149,565,000","-171,297,000","-162,672,000","-142,332,000","-130,044,000","-91,321,000","-96,154,000","-85,751,000","-107,033,000","-117,767,000","-80,728,000","-27,344,000","-51,802,000","-77,658,000","-51,133,000","-38,131,000","-79,578,000","-40,988,000","-44,720,000","-42,769,000","-38,771,000","-44,269,000","-40,438,000","-110,675,000","-86,421,000","-45,797,000","20,611,000","-32,083,000","-33,452,000","-21,019,000","-22,067,000","-13,600,000","-29,229,000","-12,107,000","-8,870,000","-8,093,000","-24,858,000","12,613,000","-16,159,000","1,700,000","-14,300,000","-10,800,000","-17,600,000","-12,600,000","-2,300,000","-9,800,000","-8,400,000","-6,800,000","-5,900,000","-1,400,000","-5,800,000","-3,900,000","-6,300,000","-22,300,000","-7,500,000","-800,000","-6,900,000","-9,000,000","-4,700,000","-4,900,000","-3,900,000","-5,500,000","-3,200,000","8,700,000","-2,700,000","-800,000","-3,300,000","-2,700,000","-2,200,000","-1,900,000","-1,600,000","-1,300,000","-1,200,000","-1,400,000",,,,,
TotalUnusualItemsExcludingGoodwill,"3,100,000","2,000,000","-1,200,000","-1,600,000","3,900,000","-500,000","-1,800,000","-9,200,000","-1,600,000","-1,500,000","-2,959,000","0","0","-29,004,000","174,000","-62,000","76,000","-387,000","-255,677,000","-3,523,000","-9,999,000","-224,000","-8,000","-343,000","-687,000","-1,524,000","-1,826,000","-2,128,000","3,272,000","-4,164,000","-40,843,000","270,000","-6,188,000","-278,258,000","-12,048,000","-776,000","-414,139,000","-194,000","-696,000","-594,000","-360,000","-1,860,000","-113,496,000","-2,961,000","-6,358,000","-4,338,000","-6,777,000","-29,346,000","-2,269,000","-16,847,000","-774,000","-13,401,000","-10,195,000","-1,641,000","-885,000","-1,168,000","-630,000","-276,000","-882,000","-906,000","-5,055,000","-1,756,000","5,347,000","-443,000","-767,000","14,542,000","-37,889,000","1,743,000","-1,914,000","4,964,000","-2,554,000","-1,837,000","-1,689,000","-62,081,000","-41,943,000",,"64,681,000","-14,000",,,,"-4,000,000","-16,123,000",,,"-157,000","-14,792,000","5,000","19,000","-100,000","-100,000","-300,000","3,100,000",,,,"4,000,000",,,,,"1,800,000","1,200,000","-14,000,000","1,300,000","1,600,000","1,200,000","1,400,000","1,300,000",,,,,"400,000","300,000","400,000","300,000","400,000","500,000","500,000","600,000","400,000","300,000","100,000",,,,,
TotalUnusualItems,"3,100,000","2,000,000","-1,200,000","-1,600,000","3,900,000","-500,000","-1,800,000","-9,200,000","-1,600,000","-1,500,000","-2,959,000","0","0","-29,004,000","174,000","-62,000","76,000","-387,000","-255,677,000","-3,523,000","-9,999,000","-224,000","-8,000","-343,000","-687,000","-1,524,000","-1,826,000","-2,128,000","3,272,000","-4,164,000","-40,843,000","270,000","-6,188,000","-278,258,000","-12,048,000","-776,000","-414,139,000","-194,000","-696,000","-594,000","-360,000","-1,860,000","-113,496,000","-2,961,000","-6,358,000","-4,338,000","-6,777,000","-29,346,000","-2,269,000","-16,847,000","-774,000","-13,401,000","-10,195,000","-1,641,000","-885,000","-1,168,000","-630,000","-276,000","-882,000","-906,000","-5,055,000","-1,756,000","5,347,000","-443,000","-767,000","14,542,000","-37,889,000","1,743,000","-1,914,000","4,964,000","-2,554,000","-1,837,000","-1,689,000","-62,081,000","-41,943,000",,"64,681,000","-14,000",,,,"-4,000,000","-16,123,000",,,"-157,000","-14,792,000","5,000","19,000","-100,000","-100,000","-300,000","3,100,000",,,,"4,000,000",,,,,"1,800,000","1,200,000","-14,000,000","1,300,000","1,600,000","1,200,000","1,400,000","1,300,000",,,,,"400,000","300,000","400,000","300,000","400,000","500,000","500,000","600,000","400,000","300,000","100,000",,,,,
NormalizedEBITDA,"2,914,400,000","917,875,000","1,130,892,000","4,061,000","861,572,000","934,766,000","788,169,000","874,538,000","700,091,000","718,955,000","114,020,000","369,673,000","362,173,000","85,100,000","163,672,000","244,818,000","242,006,000","141,808,000","-132,694,000","68,583,000","295,147,000","56,420,000","-4,317,000","17,440,000","7,183,000","-38,123,000","-53,358,000","-153,557,000","-164,007,000","-136,917,000","-88,389,000","-129,202,000","-193,961,000","-453,975,000","-100,480,000","-44,827,000","-14,110,000","-64,412,000","8,737,000","-951,000","100,933,000","234,815,000","328,915,000","-156,238,000","-143,923,000","-197,123,000","-185,187,000","-130,203,000","-149,649,000","-112,332,000","-139,870,000","-134,914,000","-134,339,000","-130,006,000","-120,905,000","-80,975,000","-89,978,000","-83,745,000","-105,196,000","-116,956,000","-72,198,000","-25,276,000","-60,125,000","-71,527,000","-44,972,000","-27,649,000","4,001,000","-35,551,000","-31,732,000","-25,019,000","-24,266,000","-31,276,000","-25,916,000","-40,173,000","1,992,000","-81,545,000","-38,226,000","-26,353,000","-29,279,000","-17,745,000","-20,781,000","-3,439,000","2,379,000","-14,389,000","-12,872,000","-11,548,000","1,934,000","11,557,000","-16,605,000","4,200,000","-12,100,000","-8,700,000","-22,300,000","-10,900,000","-1,000,000","-8,500,000","-15,400,000","-5,500,000","-4,700,000","-400,000","-4,800,000","-6,600,000","-7,800,000","6,600,000","-9,100,000","-2,900,000","-8,200,000","-11,000,000","-6,200,000","-7,400,000","-3,000,000","-4,500,000","-2,300,000","9,300,000","-2,300,000","-300,000","-3,000,000","-2,600,000","-2,400,000","-2,000,000","-2,100,000","-1,600,000","-1,300,000","-900,000","800,000","-5,800,000","600,000","600,000","500,000"
TaxRateForCalcs,"0.14","0.116","0.21","0.27","0.2","0.32","0.105","0.27","0.083","0.138","0.186","0.183","0.161","0.27","0.059","0.048","0.27","0.091","0.302","0.122","0.016","0.4","0.4","0.4","0.4","0.018","0.4","0.4","0.4","0.35","0.35","0.35","0.35","0.35","0.006","0.028","0.294","0.033","0.35","0.35","0","0.107","0.35","0.35","0.35","0.35","0.35","0.35","0.35","0.35","0.35","0.35","0.35","0.35","0.35","0","0.35","0.35","0.35","0.35","0.35","0.4","0.4","0.4","0.4","0.4","0.4","0.4","0.4","0.4","0.4","0.4","0.4","0.4","0.4","0.4","0.4","0.4","0","0.4","0.4","0.4","0","0","0.4","0.4","0.4","0.4","0.4","0.4","0.4","0.4","0.4","0.4","0.4","0.4","0.4","0.4","0.4","0.4","0.4","0.4","0.4","0.4","0.4","0.4","0.4","0.4","0.4","0.4","0.4","0.4","0.4","0.4","0.4","0.4","0.4","0.4","0.4","0.4","0.4","0.4","0.4","0.4",,,,,
TaxEffectOfUnusualItems,"434,000","231,571.357","-252,000","-432,000","780,000","-160,041.435","-189,290.91","-2,484,000","-133,300.483","-207,657.877","-550,546.684","0","0","-7,831,080","10,267.085","-2,960.151","20,520","-35,302.28","-77,163,989.096","-430,328.705","-157,163.032","-89,600","-3,200","-137,200","-274,800","-27,635.125","-730,400","-851,200","1,308,800","-1,457,400","-14,295,050","94,500","-2,165,800","-97,390,300","-69,916.067","-21,980.822","-121,839,742.419","-6,475.313","-243,600","-207,900","-131.046","-199,940.228","-39,723,600","-1,036,350","-2,225,300","-1,518,300","-2,371,950","-10,271,100","-794,150","-5,896,450","-270,900","-4,690,350","-3,568,250","-574,350","-309,750","0","-220,500","-96,600","-308,700","-317,100","-1,769,250","-702,400","2,138,800","-177,200","-306,800","5,816,800","-15,155,600","697,200","-765,600","1,985,600","-1,021,600","-734,800","-675,600","-24,832,400","-16,777,200","0","25,872,400","-5,600","0","0","0","-1,600,000","0","0","0","-62,800","-5,916,800","2,000","7,600","-40,000","-40,000","-120,000","1,240,000","0","0","0","1,600,000","0","0","0","0","720,000","480,000","-5,600,000","520,000","640,000","480,000","560,000","520,000","0","0","0","0","160,000","120,000","160,000","120,000","160,000","200,000","200,000","240,000","160,000","120,000","40,000",,,,,